"Count","Tradelist Count","Name","Edition","Condition","Language","Foil","Tags","Last Modified","Collector Number","Alter","Proxy","Purchase Price"
"1","1","Abrade","scd","Near Mint","English","","","2023-12-27 05:13:11.847000","122","False","False",""
"1","1","Abstruse Archaic","cmm","Near Mint","English","","","2024-01-10 21:41:01.887000","712","False","False",""
"1","1","Abzan Falconer","2x2","Near Mint","English","foil","","2024-01-11 07:11:02.317000","4","False","False",""
"2","2","Adaptive Sporesinger","one","Near Mint","English","","","2024-01-11 07:17:09.807000","157","False","False",""
"1","1","Aeromoeba","mh2","Near Mint","English","","","2024-01-11 08:24:02.890000","37","False","False",""
"3","3","Against All Odds","one","Near Mint","English","","","2024-01-11 07:43:05.357000","1","False","False",""
"3","3","Ainok Bond-Kin","2x2","Near Mint","English","","","2024-01-11 08:53:33.000000","5","False","False",""
"1","1","Ainok Bond-Kin","2x2","Near Mint","English","foil","","2024-01-11 07:12:14.403000","5","False","False",""
"1","1","Aisha of Sparks and Smoke","slx","Near Mint","English","","","2023-12-27 06:55:37.280000","12","False","False",""
"1","1","Akoum Refuge","scd","Near Mint","English","","","2023-12-27 05:13:11.847000","289","False","False",""
"1","1","All Is Dust","cmm","Near Mint","English","","","2024-01-10 21:41:01.887000","800","False","False",""
"1","1","Alloy Animist","bro","Near Mint","English","foil","","2024-01-11 09:08:56.750000","166","False","False",""
"1","1","Ambition's Cost","scd","Near Mint","English","","","2023-12-27 05:13:11.847000","66","False","False",""
"2","2","Ambulatory Edifice","one","Near Mint","English","","","2024-01-11 08:12:12.380000","79","False","False",""
"1","1","Ambush Viper","cmr","Near Mint","English","","","2024-01-11 07:16:22.173000","213","False","False",""
"1","1","Ancestral Blade","cmr","Near Mint","English","","","2024-01-11 07:43:47.210000","5","False","False",""
"2","2","Ancient Animus","cmr","Near Mint","English","","","2024-01-11 09:13:14.607000","215","False","False",""
"1","1","Ancient Stone Idol","cmm","Near Mint","English","","","2024-01-10 21:41:01.887000","940","False","False",""
"2","2","Angelic Curator","mh2","Near Mint","English","","","2024-01-11 07:35:00.810000","262","False","False",""
"2","2","Annex Sentry","one","Near Mint","English","","","2023-12-27 06:25:57.020000","2","False","False",""
"2","2","Annihilating Glare","one","Near Mint","English","","","2024-01-11 08:43:06.747000","80","False","False",""
"1","1","Annihilating Glare","one","Near Mint","English","foil","","2024-01-11 08:44:26.800000","80","False","False",""
"1","1","Annoyed Altisaur","cmr","Near Mint","English","","","2024-01-11 07:14:08.423000","216","False","False",""
"2","2","Anoint with Affliction","one","Near Mint","English","","","2023-12-27 06:29:45.160000","81","False","False",""
"1","1","Anointer of Valor","2x2","Near Mint","English","","","2024-01-11 08:53:25.130000","6","False","False",""
"1","1","Anointer of Valor","cmr","Near Mint","English","","","2024-01-11 07:34:45.103000","8","False","False",""
"1","1","Antagonize","snc","Near Mint","English","","","2023-12-28 01:02:25.897000","100","False","False",""
"3","3","Apostle of Invasion","one","Near Mint","English","","","2024-01-11 07:34:51.483000","3","False","False",""
"2","2","Aqueous Form","cmr","Near Mint","English","","","2024-01-11 08:31:17.560000","56","False","False",""
"1","1","Arcane Lighthouse","cmm","Near Mint","English","","","2024-01-10 21:41:01.887000","985","False","False",""
"1","1","Arcane Signet","scd","Near Mint","English","","","2023-12-27 05:13:11.847000","257","False","False",""
"2","2","Arcbound Mouser","mh2","Near Mint","English","","","2024-01-11 07:11:51.713000","3","False","False",""
"1","1","Arcbound Prototype","mh2","Near Mint","English","","","2024-01-11 07:11:18.800000","4","False","False",""
"1","1","Arcbound Tracker","mh2","Near Mint","English","","","2024-01-11 07:09:39.930000","112","False","False",""
"1","1","Arch of Orazca","cmm","Near Mint","English","","","2024-01-10 21:41:01.887000","986","False","False",""
"1","1","Archfiend of Depravity","scd","Near Mint","English","","","2023-12-27 05:13:11.847000","67","False","False",""
"1","1","Archfiend of the Dross","one","Near Mint","English","","","2023-12-27 06:46:22.310000","82","False","False",""
"1","1","Archway Angel","rna","Near Mint","English","","","2024-01-11 07:11:36.337000","3","False","False",""
"1","1","Argentum Masticore","one","Near Mint","English","","","2023-12-27 05:58:51.350000","222","False","False",""
"1","1","Armix, Filigree Thrasher","cmr","Near Mint","English","","","2024-01-11 07:48:41.183000","108","False","False",""
"2","2","Armored Scrapgorger","one","Near Mint","English","","","2024-01-11 07:17:18.120000","158","False","False",""
"1","1","Armory of Iroas","cmr","Near Mint","English","","","2024-01-11 09:06:18.033000","299","False","False",""
"1","1","Artisan of Kozilek","cmm","Near Mint","English","","","2024-01-10 21:41:01.887000","801","False","False",""
"1","1","Arwen's Gift","ltr","Near Mint","English","","","2023-12-28 00:57:00.640000","39","False","False",""
"1","1","Ashnod's Intervention","bro","Near Mint","English","","","2024-01-11 08:42:56.177000","85","False","False",""
"3","3","Aspirant's Ascent","one","Near Mint","English","","","2024-01-11 08:27:29.333000","40","False","False",""
"2","2","Atmosphere Surgeon","one","Near Mint","English","","","2024-01-11 08:23:06.700000","41","False","False",""
"1","1","Atraxa's Skitterfang","one","Near Mint","English","","","2023-12-27 06:18:50.983000","223","False","False",""
"1","1","Atraxa's Skitterfang","one","Near Mint","English","foil","","2023-12-27 05:49:46.037000","223","False","False",""
"1","1","Aven Heartstabber","snc","Near Mint","English","","","2023-12-28 01:03:31.730000","166","False","False",""
"1","1","Aven Initiate","2x2","Near Mint","English","","","2024-01-11 08:18:20.640000","39","False","False",""
"1","1","Aven Initiate","2x2","Near Mint","English","foil","","2024-01-11 08:18:08.867000","39","False","False",""
"1","1","Awaken the Sleeper","one","Near Mint","English","","","2023-12-27 06:39:13.377000","119","False","False",""
"2","2","Axiom Engraver","one","Near Mint","English","","","2024-01-11 07:05:10.547000","120","False","False",""
"1","1","Axiom Engraver","one","Near Mint","English","foil","","2024-01-11 07:04:58.927000","120","False","False",""
"1","1","Baldin, Century Herdmaster","slx","Near Mint","English","","","2023-12-27 06:27:36.310000","10","False","False",""
"1","1","Balmor, Battlemage Captain","dmu","Near Mint","English","","","2023-12-28 01:07:08.760000","196","False","False",""
"1","1","Bamboo Grove Archer","neo","Near Mint","English","","","2024-01-11 09:10:21.827000","173","False","False",""
"1","1","Bane of Bala Ged","cmm","Near Mint","English","","","2024-01-10 21:41:01.887000","802","False","False",""
"2","2","Barbed Batterfist","one","Near Mint","English","","","2024-01-11 08:51:42.410000","121","False","False",""
"1","1","Barrage Tyrant","bfz","Near Mint","English","","","2024-01-14 06:14:13.497000","127","False","False",""
"3","3","Basilica Shepherd","one","Near Mint","English","","","2024-01-11 07:35:37.050000","4","False","False",""
"2","2","Basilica Skullbomb","one","Near Mint","English","","","2024-01-11 07:44:49.560000","224","False","False",""
"1","1","Befriending the Moths // Imperial Moth","neo","Near Mint","English","","","2024-01-11 07:46:27.180000","4","False","False",""
"1","1","Bestial Bloodline","woe","Near Mint","English","","","2023-12-28 01:09:59.680000","162","False","False",""
"3","3","Bilious Skulldweller","one","Near Mint","English","","","2024-01-11 08:13:00.480000","83","False","False",""
"1","1","Bill the Pony","ltr","Near Mint","English","foil","","2024-01-11 07:10:31.953000","3","False","False",""
"1","1","Birthday Escape","ltr","Near Mint","English","","","2023-12-28 00:56:52.613000","43","False","False",""
"2","2","Bitter Revelation","cmr","Near Mint","English","","","2024-01-11 08:44:00.763000","109","False","False",""
"1","1","Blackcleave Cliffs","one","Near Mint","English","","","2023-12-27 06:16:21.857000","248","False","False",""
"4","4","Bladed Ambassador","one","Near Mint","English","","","2024-01-11 07:35:13.153000","285","False","False",""
"3","3","Bladed Ambassador","one","Near Mint","English","","","2024-01-11 07:35:22.607000","5","False","False",""
"1","1","Bladed Ambassador","one","Near Mint","English","foil","","2023-12-27 06:47:18.647000","5","False","False",""
"3","3","Bladegraft Aspirant","one","Near Mint","English","","","2024-01-11 07:08:14.357000","122","False","False",""
"1","1","Bladegraft Aspirant","one","Near Mint","English","foil","","2023-12-27 06:13:56.190000","122","False","False",""
"1","1","Bladehold War-Whip","one","Near Mint","English","","","2023-12-27 06:35:58.883000","197","False","False",""
"1","1","Bladehold War-Whip","one","Near Mint","English","foil","","2023-12-27 07:00:47.680000","197","False","False",""
"1","1","Blasphemous Act","scd","Near Mint","English","","","2023-12-27 05:13:11.847000","124","False","False",""
"1","1","Blast Zone","cmm","Near Mint","English","","","2024-01-10 21:41:01.887000","987","False","False",""
"4","4","Blazing Crescendo","one","Near Mint","English","","","2024-01-11 07:25:55.253000","123","False","False",""
"1","1","Blessed Respite","mh2","Near Mint","English","","","2024-01-11 07:12:43.517000","150","False","False",""
"2","2","Blightbelly Rat","one","Near Mint","English","","","2024-01-11 08:16:42.757000","85","False","False",""
"7","7","Blightbelly Rat","one","Near Mint","English","","","2024-01-11 08:16:58.880000","289","False","False",""
"1","1","Blighted Woodland","mic","Near Mint","English","","","2024-01-11 07:12:35.233000","166","False","False",""
"1","1","Bloated Contaminator","one","Near Mint","English","","","2024-01-11 07:13:41.370000","159","False","False",""
"1","1","Blood Petal Celebrant","vow","Near Mint","English","","","2023-12-28 00:54:28.503000","303","False","False",""
"1","1","Bloodfell Caves","scd","Near Mint","English","","","2023-12-27 05:13:11.847000","290","False","False",""
"1","1","Bloodgift Demon","scd","Near Mint","English","","","2023-12-27 05:13:11.847000","69","False","False",""
"1","1","Blossoming Calm","mh2","Near Mint","English","","","2024-01-11 08:53:15.940000","7","False","False",""
"1","1","Boarding Party","cmr","Near Mint","English","","","2024-01-11 07:10:07.393000","163","False","False",""
"1","1","Bonders' Enclave","cmm","Near Mint","English","","","2024-01-10 21:41:01.887000","988","False","False",""
"1","1","Bone Splinters","dmu","Near Mint","English","","","2023-12-28 01:07:36.790000","83","False","False",""
"4","4","Bonepicker Skirge","one","Near Mint","English","","","2024-01-11 08:11:05.433000","86","False","False",""
"6","6","Bonepicker Skirge","one","Near Mint","English","","","2024-01-11 08:17:09.993000","290","False","False",""
"2","2","Bonepicker Skirge","one","Near Mint","English","foil","","2024-01-11 08:16:20.847000","290","False","False",""
"1","1","Boulderbranch Golem","bro","Near Mint","English","","","2024-01-11 07:20:03.867000","197","False","False",""
"1","1","Boulderbranch Golem","bro","Near Mint","English","foil","","2024-01-11 07:20:16.377000","197","False","False",""
"1","1","Brainstone","mh2","Near Mint","English","","","2024-01-11 09:03:52.737000","426","False","False",""
"2","2","Branchblight Stalker","one","Near Mint","English","","","2024-01-11 09:11:46.853000","160","False","False",""
"1","1","Branchblight Stalker","one","Near Mint","English","foil","","2023-12-27 06:58:24.327000","160","False","False",""
"1","1","Brash Taunter","scd","Near Mint","English","","","2023-12-27 05:13:11.847000","125","False","False",""
"1","1","Brazen Freebooter","cmr","Near Mint","English","","","2024-01-11 07:03:14.373000","164","False","False",""
"1","1","Brazen Upstart","snc","Near Mint","English","","","2023-12-28 01:03:19.817000","296","False","False",""
"1","1","Brazen Upstart","snc","Near Mint","English","","","2023-12-28 01:02:44.807000","169","False","False",""
"1","1","Breaker of Armies","mb1","Near Mint","English","","","2024-01-14 06:13:52.943000","3","False","False",""
"1","1","Breath of Malfegor","scd","Near Mint","English","","","2023-12-27 05:13:11.847000","218","False","False",""
"2","2","Bring the Ending","one","Near Mint","English","","","2024-01-11 08:27:13.590000","44","False","False",""
"1","1","Brood Butcher","bfz","Near Mint","English","","","2024-01-14 06:13:43.537000","199","False","False",""
"1","1","Brood Butcher","bfz","Near Mint","English","foil","","2024-01-14 06:14:28.390000","199","False","False",""
"1","1","Bull's Strength","afr","Near Mint","English","","","2024-01-11 09:14:21.253000","174","False","False",""
"1","1","Burnished Hart","scd","Near Mint","English","","","2023-12-27 05:13:11.847000","260","False","False",""
"1","1","Burnished Hart","cmm","Near Mint","English","","","2024-01-10 21:41:01.887000","373","False","False",""
"1","1","Burrowing Razormaw","bro","Near Mint","English","","","2024-01-11 09:09:19.697000","173","False","False",""
"1","1","Cabal Initiate","mh2","Near Mint","English","","","2024-01-11 08:14:32.207000","78","False","False",""
"2","2","Cacophony Scamp","one","Near Mint","English","","","2024-01-11 07:07:21.623000","124","False","False",""
"1","1","Cage of Hands","cmr","Near Mint","English","","","2024-01-11 07:45:14.530000","14","False","False",""
"1","1","Calamity of the Titans","cmm","Near Mint","English","","","2024-01-10 21:41:01.887000","713","False","False",""
"1","1","Candlegrove Witch","dbl","Near Mint","English","","","2024-01-11 07:33:28.527000","8","False","False",""
"3","3","Cankerbloom","one","Near Mint","English","","","2024-01-11 09:08:35.883000","294","False","False",""
"2","2","Cankerbloom","one","Near Mint","English","","","2024-01-11 07:16:30.260000","161","False","False",""
"2","2","Carnivorous Canopy","one","Near Mint","English","","","2024-01-11 09:15:34.360000","162","False","False",""
"1","1","Carrion Locust","bro","Near Mint","English","","","2024-01-11 08:14:14.973000","87","False","False",""
"1","1","Catacomb Sifter","bfz","Near Mint","English","","","2024-01-14 06:13:35.583000","201","False","False",""
"1","1","Celestial Unicorn","afr","Near Mint","English","","","2024-01-11 07:35:54.797000","5","False","False",""
"1","1","Celestial Unicorn","afr","Near Mint","English","","","2024-01-11 07:35:44.360000","301","False","False",""
"1","1","Cemetery Prowler","vow","Near Mint","English","","","2023-12-28 00:54:12.993000","191","False","False",""
"1","1","Cephalopod Sentry","one","Near Mint","English","","","2023-12-27 06:18:40.447000","198","False","False",""
"1","1","Champion of the Flame","cmr","Near Mint","English","","","2024-01-11 07:03:26.317000","167","False","False",""
"1","1","Chaos Warp","scd","Near Mint","English","","","2023-12-27 05:13:11.847000","127","False","False",""
"2","2","Charcoal Diamond","cmr","Near Mint","English","","","2024-01-11 08:45:44.197000","303","False","False",""
"1","1","Charforger","one","Near Mint","English","","","2023-12-27 06:49:32.757000","199","False","False",""
"1","1","Charge of the Mites","one","Near Mint","English","","","2023-12-27 05:53:44.943000","6","False","False",""
"2","2","Chimney Rabble","one","Near Mint","English","","","2023-12-27 06:25:41.993000","126","False","False",""
"1","1","Chiss-Goria, Forge Tyrant","onc","Near Mint","English","","","2023-12-27 06:42:47.650000","25","False","False",""
"2","2","Chittering Skitterling","one","Near Mint","English","","","2023-12-27 06:30:06.707000","87","False","False",""
"1","1","Choking Restraints","emn","Near Mint","English","","","2024-01-11 07:46:12.217000","16","False","False",""
"3","3","Chrome Prowler","one","Near Mint","English","","","2024-01-11 08:23:14.247000","45","False","False",""
"1","1","Churning Reservoir","one","Near Mint","English","","","2023-12-27 05:18:23.963000","127","False","False",""
"1","1","Churning Reservoir","one","Near Mint","English","foil","","2023-12-27 05:59:02.330000","127","False","False",""
"1","1","Cinder Barrens","scd","Near Mint","English","","","2023-12-27 05:13:11.847000","294","False","False",""
"1","1","Cinderslash Ravager","one","Near Mint","English","","","2023-12-27 06:15:41.157000","200","False","False",""
"1","1","Circular Logic","dmr","Near Mint","English","","","2024-01-11 08:27:44.210000","42","False","False",""
"1","1","Citizen's Crowbar","snc","Near Mint","English","","","2023-12-28 01:03:11.543000","8","False","False",""
"1","1","Coastal Bulwark","bro","Near Mint","English","","","2024-01-11 08:58:52.710000","76","False","False",""
"1","1","Combustible Gearhulk","scd","Near Mint","English","","","2023-12-27 05:13:11.847000","128","False","False",""
"1","1","Command Tower","cmm","Near Mint","English","foil","","2024-01-15 06:38:50.003000","659","False","False",""
"1","1","Command Tower","scd","Near Mint","English","","","2023-12-27 05:13:11.847000","297","False","False",""
"1","1","Commander's Sphere","scd","Near Mint","English","","","2023-12-27 05:13:11.847000","261","False","False",""
"3","3","Compleat Devotion","one","Near Mint","English","","","2024-01-11 07:41:46.237000","7","False","False",""
"1","1","Compleat Devotion","one","Near Mint","English","foil","","2023-12-27 05:46:29.340000","7","False","False",""
"1","1","Conceited Witch // Price of Beauty","woe","Near Mint","English","","","2023-12-28 01:09:35.950000","84","False","False",""
"1","1","Conduit of Worlds","one","Near Mint","English","","","2023-12-27 05:30:33.430000","163","False","False",""
"1","1","Confiscate","cmr","Near Mint","English","","","2024-01-11 08:30:20.997000","62","False","False",""
"1","1","Conscripted Infantry","bro","Near Mint","English","","","2024-01-11 07:09:20.050000","129","False","False",""
"1","1","Contagious Vorrac","one","Near Mint","English","","","2023-12-27 06:44:31.787000","164","False","False",""
"1","1","Copper Longlegs","one","Near Mint","English","","","2023-12-27 05:21:43.407000","165","False","False",""
"1","1","Copper Longlegs","one","Near Mint","English","foil","","2023-12-27 06:51:59.350000","165","False","False",""
"1","1","Corpse Churn","cmr","Near Mint","English","","","2024-01-11 08:42:05.497000","113","False","False",""
"1","1","Court Street Denizen","cmr","Near Mint","English","","","2024-01-11 07:33:15.947000","17","False","False",""
"1","1","Coveted Jewel","scd","Near Mint","English","","","2023-12-27 05:13:11.847000","262","False","False",""
"1","1","Crashing Drawbridge","cmm","Near Mint","English","","","2024-01-10 21:41:01.887000","944","False","False",""
"2","2","Crawling Chorus","one","Near Mint","English","","","2023-12-27 06:25:24.120000","8","False","False",""
"2","2","Crimson Fleet Commodore","cmr","Near Mint","English","","","2024-01-11 07:10:21.667000","171","False","False",""
"1","1","Crossroads Consecrator","emn","Near Mint","English","","","2024-01-11 09:09:40.547000","154","False","False",""
"2","2","Crow of Dark Tidings","cmr","Near Mint","English","","","2024-01-11 08:16:06.733000","115","False","False",""
"3","3","Cruel Grimnarch","one","Near Mint","English","","","2024-01-11 08:09:27.240000","88","False","False",""
"1","1","Crushing Vines","cmr","Near Mint","English","","","2024-01-11 09:12:57.523000","221","False","False",""
"1","1","Crushing Vines","cmr","Near Mint","English","foil","","2024-01-11 09:13:05.997000","221","False","False",""
"1","1","Cultist's Staff","emn","Near Mint","English","","","2024-01-11 09:01:25.717000","194","False","False",""
"2","2","Cutthroat Centurion","one","Near Mint","English","","","2023-12-27 06:20:55.647000","89","False","False",""
"1","1","Cutthroat Centurion","one","Near Mint","English","foil","","2024-01-11 08:09:16.523000","89","False","False",""
"1","1","Darkslick Shores","one","Near Mint","English","","","2023-12-27 06:06:09.877000","250","False","False",""
"1","1","Darksteel Monolith","cmm","Near Mint","English","","","2024-01-10 21:41:01.887000","743","False","False",""
"1","1","Deadly Recluse","2x2","Near Mint","English","","","2024-01-11 07:13:04.960000","142","False","False",""
"1","1","Deadly Recluse","2x2","Near Mint","English","foil","","2024-01-11 07:13:19.350000","142","False","False",""
"1","1","Deadly Rollick","cmm","Near Mint","English","foil","","2024-01-15 06:38:26.400000","695","False","False",""
"1","1","Deadly Tempest","scd","Near Mint","English","","","2023-12-27 05:13:11.847000","75","False","False",""
"1","1","Deathless Behemoth","bfz","Near Mint","English","","","2024-01-14 06:13:22.443000","5","False","False",""
"2","2","Deep Analysis","dmr","Near Mint","English","","","2024-01-11 08:34:22.873000","46","False","False",""
"1","1","Defiant Salvager","cmr","Near Mint","English","","","2024-01-11 08:41:08.840000","117","False","False",""
"1","1","Deranged Assistant","cmr","Near Mint","English","","","2024-01-11 08:19:54.997000","65","False","False",""
"1","1","Desecrate Reality","cmm","Near Mint","English","","","2024-01-10 21:41:01.887000","714","False","False",""
"1","1","Desperate Farmer // Depraved Harvester","vow","Near Mint","English","","","2023-12-28 00:54:35.917000","104","False","False",""
"1","1","Dhund Operative","cmr","Near Mint","English","","","2024-01-11 08:11:35.043000","119","False","False",""
"1","1","Dictate of the Twin Gods","scd","Near Mint","English","","","2023-12-27 05:13:11.847000","131","False","False",""
"1","1","Dimensional Infiltrator","ogw","Near Mint","English","","","2024-01-14 06:14:02.077000","44","False","False",""
"1","1","Disenchant","bro","Near Mint","English","","","2024-01-11 07:42:05.453000","6","False","False",""
"1","1","Dispeller's Capsule","c21","Near Mint","English","","","2024-01-11 08:52:28.193000","89","False","False",""
"1","1","Dispeller's Capsule","cmr","Near Mint","English","","","2024-01-11 07:43:57.317000","18","False","False",""
"1","1","Disrupt Decorum","cmm","Near Mint","English","","","2024-01-10 21:45:43.680000","215","False","False",""
"1","1","Disrupt Decorum","cmm","Near Mint","English","etched","","2024-01-07 10:29:50.673000","533","False","False",""
"2","2","Distorted Curiosity","one","Near Mint","English","","","2024-01-11 08:28:57.983000","46","False","False",""
"3","3","Djinni Windseer","afr","Near Mint","English","","","2024-01-11 08:32:42.380000","55","False","False",""
"1","1","Dockside Chef","neo","Near Mint","English","","","2024-01-11 07:49:30.907000","93","False","False",""
"1","1","Dokuchi Shadow-Walker","neo","Near Mint","English","","","2024-01-11 08:14:50.407000","339","False","False",""
"1","1","Doomed Traveler","cmr","Near Mint","English","","","2024-01-11 07:36:21.597000","19","False","False",""
"1","1","Dragon Egg","cmr","Near Mint","English","","","2024-01-11 07:04:00.110000","173","False","False",""
"1","1","Dragon Mantle","cmr","Near Mint","English","","","2024-01-11 09:07:45.710000","174","False","False",""
"2","2","Dragon's Fire","afr","Near Mint","English","","","2024-01-11 07:26:39.263000","139","False","False",""
"1","1","Dragon's Rage Channeler","mh2","Near Mint","English","","","2024-01-11 07:08:57.107000","121","False","False",""
"1","1","Dragonwing Glider","one","Near Mint","English","","","2023-12-27 05:55:23.473000","128","False","False",""
"1","1","Dreamstone Hedron","cmm","Near Mint","English","","","2024-01-10 21:41:01.887000","945","False","False",""
"1","1","Dredge the Mire","scd","Near Mint","English","","","2023-12-27 05:13:11.847000","76","False","False",""
"1","1","Drider","afr","Near Mint","English","","","2024-01-11 08:13:43.797000","98","False","False",""
"1","1","Drivnod, Carnage Dominus","one","Near Mint","English","","","2023-12-27 06:30:42.460000","90","False","False",""
"2","2","Dross Skullbomb","one","Near Mint","English","","","2023-12-27 06:57:21.753000","225","False","False",""
"2","2","Drown in Ichor","one","Near Mint","English","","","2023-12-27 05:52:20.163000","91","False","False",""
"2","2","Duelist of Deep Faith","one","Near Mint","English","","","2024-01-11 07:36:05.443000","9","False","False",""
"2","2","Dune Mover","one","Near Mint","English","","","2024-01-11 08:58:36.633000","226","False","False",""
"1","1","Dune Mover","one","Near Mint","English","foil","","2023-12-27 07:03:55.337000","226","False","False",""
"1","1","Duplicant","cmm","Near Mint","English","","","2024-01-10 21:41:01.887000","946","False","False",""
"3","3","Duress","one","Near Mint","English","","","2024-01-11 08:44:46.627000","92","False","False",""
"1","1","Eaten Alive","j22","Near Mint","English","","","2024-01-11 08:43:18.993000","409","False","False",""
"1","1","Eldrazi Temple","cmm","Near Mint","English","","","2024-01-10 21:41:01.887000","992","False","False",""
"1","1","Electrostatic Infantry","dmu","Near Mint","English","","","2023-12-28 01:08:02.043000","122","False","False",""
"1","1","Elvish Visionary","cmr","Near Mint","English","","","2024-01-11 09:11:22.017000","223","False","False",""
"1","1","Endbringer","cmm","Near Mint","English","","","2024-01-10 21:41:01.887000","803","False","False",""
"1","1","Endless Atlas","cmm","Near Mint","English","","","2024-01-10 21:41:01.887000","947","False","False",""
"1","1","Endless One","cmm","Near Mint","English","","","2024-01-10 21:41:01.887000","804","False","False",""
"1","1","Entourage of Trest","cmr","Near Mint","English","","","2024-01-11 09:10:52.633000","224","False","False",""
"3","3","Escaped Experiment","one","Near Mint","English","","","2024-01-11 08:22:55.647000","48","False","False",""
"1","1","Everflowing Chalice","cmm","Near Mint","English","","","2024-01-10 21:41:01.887000","948","False","False",""
"3","3","Evolving Adaptive","one","Near Mint","English","","","2024-01-11 07:18:16.473000","167","False","False",""
"1","1","Evolving Adaptive","one","Near Mint","English","foil","","2024-01-11 07:14:28.237000","167","False","False",""
"3","3","Expand the Sphere","one","Near Mint","English","","","2024-01-11 09:15:19.490000","168","False","False",""
"1","1","Expel the Interlopers","woe","Near Mint","English","foil","","2023-12-27 07:07:43.530000","381","False","False",""
"4","4","Experimental Augury","one","Near Mint","English","","","2024-01-11 08:33:53.583000","49","False","False",""
"1","1","Explosion of Riches","scd","Near Mint","English","","","2023-12-27 05:13:11.847000","140","False","False",""
"1","1","Explosion of Riches","cmr","Near Mint","English","","","2024-01-11 07:28:16.437000","176","False","False",""
"1","1","Exquisite Huntmaster","cmr","Near Mint","English","","","2024-01-11 08:08:56.033000","122","False","False",""
"1","1","Extinguish the Light","dmu","Near Mint","English","","","2023-12-28 01:08:14.953000","94","False","False",""
"2","2","Exuberant Fuseling","one","Near Mint","English","","","2024-01-11 07:07:28.920000","129","False","False",""
"1","1","Exuberant Fuseling","one","Near Mint","English","foil","","2024-01-11 07:04:43.877000","129","False","False",""
"2","2","Eye of Malcator","one","Near Mint","English","","","2024-01-11 08:29:44.543000","50","False","False",""
"1","1","Eye of Ugin","mm2","Near Mint","English","","","2024-01-10 21:44:56.243000","242","False","False",""
"1","1","Eyeblight Assassin","cmr","Near Mint","English","","","2024-01-11 08:08:46.417000","123","False","False",""
"2","2","Eyeblight Massacre","cmr","Near Mint","English","","","2024-01-11 08:43:53.330000","125","False","False",""
"1","1","Eyeblight Massacre","cmr","Near Mint","English","foil","","2024-01-11 08:43:41.900000","125","False","False",""
"1","1","Faith Unbroken","emn","Near Mint","English","","","2024-01-11 07:46:42.830000","24","False","False",""
"1","1","Faithless Salvaging","mh2","Near Mint","English","","","2024-01-11 07:26:56.767000","122","False","False",""
"1","1","Fallaji Archaeologist","bro","Near Mint","English","foil","","2024-01-11 08:23:32.077000","48","False","False",""
"1","1","Falthis, Shadowcat Familiar","cmr","Near Mint","English","","","2024-01-11 07:48:52.477000","126","False","False",""
"2","2","Farhaven Elf","cmr","Near Mint","English","","","2024-01-11 07:15:57.627000","225","False","False",""
"4","4","Feed the Infection","one","Near Mint","English","","","2024-01-11 08:44:52.890000","93","False","False",""
"1","1","Feed the Swarm","scd","Near Mint","English","","","2023-12-27 05:13:11.847000","77","False","False",""
"1","1","Feldon of the Third Path","c21","Near Mint","English","","","2023-12-27 06:54:08.163000","169","False","False",""
"1","1","Fertilid","cmr","Near Mint","English","","","2024-01-11 07:14:18.697000","226","False","False",""
"1","1","Fiend Binder","emn","Near Mint","English","","","2024-01-11 07:37:18.950000","26","False","False",""
"2","2","Fiery Cannonade","cmr","Near Mint","English","","","2024-01-11 07:28:07.680000","178","False","False",""
"1","1","Fiery Confluence","scd","Near Mint","English","","","2023-12-27 05:13:11.847000","141","False","False",""
"2","2","Fin-Clade Fugitives","cmr","Near Mint","English","","","2024-01-11 09:12:11.313000","227","False","False",""
"1","1","Fireshrieker","cmm","Near Mint","English","","","2024-01-10 21:41:01.887000","949","False","False",""
"1","1","Flayer of Loyalties","cmm","Near Mint","English","","","2024-01-10 21:41:01.887000","715","False","False",""
"3","3","Flensing Raptor","one","Near Mint","English","","","2023-12-28 01:05:50.920000","12","False","False",""
"2","2","Fleshbag Marauder","cmr","Near Mint","English","","","2024-01-11 08:11:25.463000","128","False","False",""
"3","3","Fleshless Gladiator","one","Near Mint","English","","","2024-01-11 07:50:19.733000","94","False","False",""
"1","1","Flood of Recollection","cmr","Near Mint","English","","","2024-01-11 08:29:07.780000","61","False","False",""
"1","1","Flow of Knowledge","bro","Near Mint","English","","","2024-01-11 08:27:51.900000","49","False","False",""
"1","1","Fog of War","bro","Near Mint","English","","","2024-01-11 09:14:13.013000","180","False","False",""
"2","2","Font of Progress","one","Near Mint","English","","","2024-01-11 08:33:40.763000","51","False","False",""
"1","1","Font of Progress","one","Near Mint","English","foil","","2024-01-11 08:33:33.680000","51","False","False",""
"1","1","Forceful Denial","cmr","Near Mint","English","","","2024-01-11 08:25:29.667000","69","False","False",""
"1","1","Foreboding Ruins","scd","Near Mint","English","","","2023-12-27 05:13:11.847000","300","False","False",""
"1","1","Forge of Heroes","cmm","Near Mint","English","","","2024-01-10 21:41:01.887000","995","False","False",""
"2","2","Forgehammer Centurion","one","Near Mint","English","","","2024-01-11 07:05:23.140000","130","False","False",""
"1","1","Forsaken Monument","cmm","Near Mint","English","","","2024-01-10 21:41:01.887000","950","False","False",""
"1","1","Foul Watcher","mh2","Near Mint","English","foil","","2024-01-11 08:24:12.623000","43","False","False",""
"5","5","Free from Flesh","one","Near Mint","English","","","2024-01-11 07:29:12.153000","131","False","False",""
"1","1","Furnace Celebration","cmr","Near Mint","English","","","2024-01-11 09:07:28.980000","181","False","False",""
"3","3","Furnace Punisher","one","Near Mint","English","","","2024-01-11 07:07:55.750000","132","False","False",""
"2","2","Furnace Punisher","one","Near Mint","English","","","2023-12-27 06:52:27.420000","291","False","False",""
"1","1","Furnace Skullbomb","one","Near Mint","English","","","2023-12-27 06:35:19.787000","228","False","False",""
"3","3","Furnace Strider","one","Near Mint","English","","","2024-01-11 07:08:27.120000","133","False","False",""
"1","1","Fyndhorn Elves","cmr","Near Mint","English","","","2024-01-11 07:16:14.860000","228","False","False",""
"2","2","Galvanic Relay","mh2","Near Mint","English","","","2024-01-11 07:30:03.490000","406","False","False",""
"3","3","Galvanic Relay","mh2","Near Mint","English","","","2024-01-11 07:29:51.670000","127","False","False",""
"1","1","Geier Reach Sanitarium","cmm","Near Mint","English","","","2024-01-10 21:41:01.887000","1000","False","False",""
"1","1","Geode Golem","cmm","Near Mint","English","","","2024-01-10 21:41:01.887000","386","False","False",""
"1","1","Geode Rager","scd","Near Mint","English","","","2023-12-27 05:13:11.847000","144","False","False",""
"1","1","Geth, Thane of Contracts","one","Near Mint","English","","","2023-12-27 05:40:25.017000","306","False","False",""
"1","1","Geth, Thane of Contracts","one","Near Mint","English","","","2024-01-11 07:48:03.120000","95","False","False",""
"1","1","Gilt-Blade Prowler","mh2","Near Mint","English","","","2024-01-11 08:14:41.470000","86","False","False",""
"1","1","Gilt-Leaf Winnower","cmr","Near Mint","English","","","2024-01-11 08:11:42.973000","130","False","False",""
"1","1","Gisa and Geralf","emn","Near Mint","English","","","2023-12-28 01:10:19.387000","183","False","False",""
"2","2","Gitaxian Anatomist","one","Near Mint","English","","","2024-01-11 08:33:20.290000","52","False","False",""
"1","1","Gitaxian Anatomist","one","Near Mint","English","foil","","2024-01-11 08:33:03.063000","52","False","False",""
"2","2","Gitaxian Raptor","one","Near Mint","English","","","2024-01-11 08:18:50.860000","53","False","False",""
"1","1","Gix's Command","bro","Near Mint","English","","","2024-01-11 07:47:53.650000","97","False","False",""
"2","2","Gleeful Demolition","one","Near Mint","English","","","2024-01-11 07:29:23.020000","134","False","False",""
"1","1","Gleeful Demolition","one","Near Mint","English","foil","","2024-01-11 07:29:31.263000","134","False","False",""
"1","1","Glissa Sunslayer","one","Near Mint","English","","","2023-12-27 06:36:55.343000","202","False","False",""
"1","1","Glissa Sunslayer","one","Near Mint","English","","","2023-12-27 06:22:26.437000","318","False","False",""
"1","1","Glistener Seer","one","Near Mint","English","","","2023-12-27 06:44:50.247000","54","False","False",""
"1","1","Glistener Seer","one","Near Mint","English","foil","","2023-12-27 06:48:17.730000","54","False","False",""
"1","1","Gnarlback Rhino","2x2","Near Mint","English","","","2024-01-11 07:13:30.503000","148","False","False",""
"2","2","Gnawing Vermin","bro","Near Mint","English","","","2024-01-11 08:14:05.553000","101","False","False",""
"1","1","Go for the Throat","mic","Near Mint","English","","","2024-01-11 08:42:46.403000","119","False","False",""
"2","2","Goblin Turncoat","dmr","Near Mint","English","","","2024-01-11 08:40:01.813000","87","False","False",""
"3","3","Goldwarden's Helm","one","Near Mint","English","","","2024-01-11 07:44:57.047000","13","False","False",""
"1","1","Gollum, Patient Plotter","ltr","Near Mint","English","","","2023-12-28 00:56:26.390000","84","False","False",""
"1","1","Goring Warplow","bro","Near Mint","English","","","2024-01-11 08:17:20.417000","120","False","False",""
"1","1","Goring Warplow","bro","Near Mint","English","foil","","2024-01-11 08:17:27.363000","120","False","False",""
"1","1","Graaz, Unstoppable Juggernaut","one","Near Mint","English","","","2023-12-27 06:23:14.347000","229","False","False",""
"1","1","Grafted Wargear","cmr","Near Mint","English","foil","","2024-01-11 09:04:45.570000","312","False","False",""
"1","1","Grand Arbiter Augustin IV","2x2","Near Mint","English","","","2024-01-11 08:56:28.177000","221","False","False",""
"1","1","Gravity Negator","ogw","Near Mint","English","","","2024-01-14 06:13:12.600000","45","False","False",""
"1","1","Griffin Aerie","wot","Near Mint","English","","","2023-12-28 01:08:49.957000","5","False","False",""
"1","1","Guardian Kirin","mh2","Near Mint","English","","","2024-01-11 07:33:03.807000","15","False","False",""
"1","1","Guardians of Oboro","neo","Near Mint","English","foil","","2024-01-11 08:23:49.933000","56","False","False",""
"1","1","Guildless Commons","cmm","Near Mint","English","","","2024-01-10 21:41:01.887000","1003","False","False",""
"1","1","Gulping Scraptrap","one","Near Mint","English","","","2023-12-27 06:53:45.040000","96","False","False",""
"1","1","Guttersnipe","scd","Near Mint","English","","","2023-12-27 05:13:11.847000","145","False","False",""
"1","1","Hamlet Captain","emn","Near Mint","English","","","2024-01-11 09:09:06.763000","161","False","False",""
"1","1","Hangarback Walker","cmm","Near Mint","English","","","2024-01-10 21:41:01.887000","951","False","False",""
"1","1","Hate Mirage","scd","Near Mint","English","","","2023-12-27 05:13:11.847000","146","False","False",""
"1","1","Haughty Djinn","dmu","Near Mint","English","foil","","2023-12-28 01:06:28.810000","52","False","False",""
"1","1","Hazardous Blast","one","Near Mint","English","","","2023-12-27 06:32:47.010000","135","False","False",""
"1","1","Healer's Flock","mh2","Near Mint","English","","","2024-01-11 07:32:56.863000","16","False","False",""
"1","1","Hedron Archive","cmm","Near Mint","English","","","2024-01-10 21:41:01.887000","952","False","False",""
"1","1","Heiko Yamazaki, the General","neo","Near Mint","English","","","2024-01-11 07:08:45.563000","321","False","False",""
"1","1","Hell Mongrel","mh2","Near Mint","English","","","2024-01-11 08:14:21.947000","88","False","False",""
"1","1","Hero of the Games","2x2","Near Mint","English","foil","","2024-01-11 09:06:58.470000","112","False","False",""
"1","1","Hexgold Halberd","one","Near Mint","English","","","2023-12-27 06:36:09.747000","136","False","False",""
"1","1","Hexgold Hoverwings","one","Near Mint","English","","","2023-12-27 06:36:18.043000","14","False","False",""
"3","3","Hexgold Slash","one","Near Mint","English","","","2024-01-11 07:25:32.970000","137","False","False",""
"1","1","Hithlain Knots","ltr","Near Mint","English","","","2023-12-28 00:57:09.547000","54","False","False",""
"1","1","Hookhand Mariner // Riphook Raider","vow","Near Mint","English","","","2023-12-28 00:53:26.073000","203","False","False",""
"1","1","Hopeful Vigil","woe","Near Mint","English","","","2023-12-28 01:10:07.853000","17","False","False",""
"1","1","Howling Golem","cmr","Near Mint","English","","","2024-01-11 09:00:25.300000","316","False","False",""
"1","1","Ichor Slick","dmr","Near Mint","English","","","2024-01-11 08:45:19.577000","90","False","False",""
"1","1","Ichor Synthesizer","one","Near Mint","English","","","2023-12-27 06:49:58.540000","55","False","False",""
"1","1","Ichor Synthesizer","one","Near Mint","English","foil","","2023-12-27 06:23:29.047000","55","False","False",""
"4","4","Ichorplate Golem","one","Near Mint","English","","","2024-01-11 08:59:58.830000","230","False","False",""
"2","2","Ichorspit Basilisk","one","Near Mint","English","","","2024-01-11 07:18:00.980000","170","False","False",""
"1","1","Impulse","dmr","Near Mint","English","","","2024-01-11 08:28:40.503000","56","False","False",""
"1","1","In Thrall to the Pit","dmu","Near Mint","English","","","2023-12-28 01:08:27.303000","132","False","False",""
"3","3","Incisor Glider","one","Near Mint","English","","","2024-01-11 07:36:48.293000","15","False","False",""
"3","3","Incubation Sac","one","Near Mint","English","","","2024-01-11 08:39:10.653000","171","False","False",""
"1","1","Incubator Drone","bfz","Near Mint","English","","","2024-01-14 06:12:29.907000","60","False","False",""
"1","1","Indoctrination Attendant","one","Near Mint","English","","","2023-12-27 05:57:01.167000","16","False","False",""
"1","1","Indulgent Tormentor","scd","Near Mint","English","","","2023-12-27 05:13:11.847000","81","False","False",""
"3","3","Infectious Bite","one","Near Mint","English","","","2024-01-11 09:14:01.773000","172","False","False",""
"2","2","Infectious Inquiry","one","Near Mint","English","","","2024-01-11 08:44:14.220000","97","False","False",""
"3","3","Infested Fleshcutter","one","Near Mint","English","","","2024-01-11 07:44:38.297000","17","False","False",""
"1","1","Ingenious Artillerist","clb","Near Mint","English","foil","","2024-01-11 07:01:41.250000","182","False","False",""
"1","1","Ingenuity Engine","cmr","Near Mint","English","","","2024-01-11 09:04:24.480000","317","False","False",""
"1","1","Inkrise Infiltrator","neo","Near Mint","English","","","2024-01-11 08:15:04.380000","100","False","False",""
"1","1","Innocent Traveler // Malicious Invader","vow","Near Mint","English","","","2024-01-11 08:13:57.993000","294","False","False",""
"1","1","Intrepid Provisioner","soi","Near Mint","English","","","2024-01-11 09:09:27.630000","213","False","False",""
"1","1","Invade the City","war","Near Mint","English","","","2023-12-27 06:43:46.777000","201","False","False",""
"1","1","Investigator's Journal","cmm","Near Mint","English","","","2024-01-10 21:41:01.887000","956","False","False",""
"2","2","Iona's Judgment","cmr","Near Mint","English","","","2024-01-11 07:43:37.713000","25","False","False",""
"1","1","Ironclad Slayer","emn","Near Mint","English","","","2024-01-11 07:36:39.910000","31","False","False",""
"1","1","It That Betrays","cmm","Near Mint","English","","","2024-01-10 21:41:01.887000","805","False","False",""
"1","1","Ivory Tower","brr","Near Mint","English","","","2024-01-11 09:02:55.417000","23","False","False",""
"1","1","Jackhammer","snc","Near Mint","English","","","2023-12-28 01:02:15.617000","111","False","False",""
"1","1","Jade Avenger","mh2","Near Mint","English","","","2024-01-11 09:09:49.970000","356","False","False",""
"1","1","Jadelight Spelunker","lci","Near Mint","English","foil","","2023-12-27 07:07:58.777000","403","False","False",""
"3","3","Jawbone Duelist","one","Near Mint","English","","","2024-01-11 07:36:57.393000","18","False","False",""
"1","1","Jolrael, Voice of Zhalfir","mat","Near Mint","English","foil","","2023-12-27 07:08:24.693000","230","False","False",""
"1","1","Jukai Preserver","neo","Near Mint","English","","","2024-01-11 09:09:59.910000","195","False","False",""
"1","1","Jukai Trainee","neo","Near Mint","English","","","2024-01-11 09:10:31.287000","326","False","False",""
"1","1","Jukai Trainee","neo","Near Mint","English","","","2024-01-11 09:10:10.480000","196","False","False",""
"1","1","Kaervek the Merciless","scd","Near Mint","English","","","2023-12-27 05:13:11.847000","233","False","False",""
"1","1","Kaito, Dancing Shadow","one","Near Mint","English","","","2023-12-27 06:09:28.543000","204","False","False",""
"1","1","Kaldra Compleat","cmm","Near Mint","English","","","2024-01-10 21:41:01.887000","958","False","False",""
"1","1","Kamiz, Obscura Oculus","ncc","Near Mint","English","","","2023-12-28 00:57:42.333000","3","False","False",""
"1","1","Kardur, Doomscourge","scd","Near Mint","English","etched","","2023-12-27 05:13:11.847000","5","False","False",""
"1","1","Karumonix, the Rat King","one","Near Mint","English","","","2024-01-11 07:48:12.967000","98","False","False",""
"1","1","Kazuul, Tyrant of the Cliffs","scd","Near Mint","English","","","2023-12-27 05:13:11.847000","148","False","False",""
"1","1","Keen-Eared Sentry","afr","Near Mint","English","foil","","2024-01-11 07:37:07.167000","22","False","False",""
"1","1","Kethek, Crucible Goliath","one","Near Mint","English","","","2023-12-27 06:36:43.683000","319","False","False",""
"1","1","Kinsbaile Courier","cmr","Near Mint","English","","","2024-01-11 07:37:38.947000","29","False","False",""
"1","1","Kitt Kanto, Mayhem Diva","ncc","Near Mint","English","","","2023-12-28 01:03:40.537000","4","False","False",""
"1","1","Kjeldoran Gargoyle","dmr","Near Mint","English","","","2024-01-11 07:37:28.483000","11","False","False",""
"1","1","Kodama of the East Tree","cmr","Near Mint","English","","","2024-01-11 07:13:51.387000","239","False","False",""
"1","1","Kor Cartographer","cmr","Near Mint","English","foil","","2024-01-11 07:37:50.597000","30","False","False",""
"1","1","Koth, Fire of Resistance","one","Near Mint","English","","","2023-12-27 06:48:45.487000","338","False","False",""
"1","1","Kozilek, the Great Distortion","cmm","Near Mint","English","","","2024-01-10 21:41:01.887000","2","False","False",""
"1","1","Kozilek's Pathfinder","ogw","Near Mint","English","","","2024-01-14 06:12:42.743000","5","False","False",""
"1","1","Kozilek's Sentinel","bfz","Near Mint","English","","","2024-01-14 06:13:02.970000","129","False","False",""
"1","1","Kozilek's Translator","ogw","Near Mint","English","","","2024-01-14 06:12:52.203000","74","False","False",""
"1","1","Krosan Restorer","dmr","Near Mint","English","","","2024-01-11 09:10:42.990000","168","False","False",""
"3","3","Kuldotha Cackler","one","Near Mint","English","","","2024-01-11 07:08:04.617000","139","False","False",""
"1","1","Landscaper Colos","mh2","Near Mint","English","","","2024-01-11 07:32:02.617000","18","False","False",""
"1","1","Lantern of the Lost","vow","Near Mint","English","","","2023-12-28 00:53:44.463000","259","False","False",""
"1","1","Lattice-Blade Mantis","one","Near Mint","English","","","2023-12-27 05:22:21.400000","173","False","False",""
"2","2","Leonin Lightbringer","one","Near Mint","English","","","2024-01-11 07:39:06.137000","20","False","False",""
"1","1","Leonin Lightbringer","one","Near Mint","English","foil","","2024-01-11 07:38:28.000000","20","False","False",""
"1","1","Lifecrafter's Bestiary","ncc","Near Mint","English","","","2024-01-11 09:01:01.437000","370","False","False",""
"1","1","Lifecrafter's Gift","cmr","Near Mint","English","","","2024-01-11 09:12:21.777000","240","False","False",""
"1","1","Lightning Greaves","scd","Near Mint","English","","","2023-12-27 05:13:11.847000","269","False","False",""
"1","1","Lightning Greaves","cmm","Near Mint","English","","","2024-01-10 21:41:01.887000","398","False","False",""
"1","1","Liquimetal Coating","brr","Near Mint","English","","","2024-01-11 09:02:46.023000","28","False","False",""
"1","1","Liquimetal Coating","brr","Near Mint","English","foil","","2024-01-11 09:03:32.947000","28","False","False",""
"1","1","Loran, Disciple of History","bro","Near Mint","English","","","2024-01-11 07:32:46.183000","13","False","False",""
"1","1","Lucid Dreams","mh2","Near Mint","English","","","2024-01-11 08:29:30.390000","50","False","False",""
"1","1","Lukka, Bound to Ruin","one","Near Mint","English","","","2023-12-27 06:58:39.397000","207","False","False",""
"1","1","Lunar Rejection","vow","Near Mint","English","","","2023-12-28 00:52:52.887000","67","False","False",""
"1","1","Lunarch Veteran // Luminous Phantom","dbl","Near Mint","English","","","2024-01-11 07:32:34.153000","27","False","False",""
"1","1","Maalfeld Twins","cmr","Near Mint","English","","","2024-01-11 07:49:54.123000","132","False","False",""
"1","1","Mage-Ring Network","cmm","Near Mint","English","","","2024-01-10 21:41:01.887000","1009","False","False",""
"1","1","Magmatic Force","scd","Near Mint","English","","","2023-12-27 05:13:11.847000","150","False","False",""
"1","1","Magmatic Sprinter","one","Near Mint","English","","","2023-12-27 05:18:59.660000","140","False","False",""
"1","1","Malcator's Watcher","one","Near Mint","English","","","2023-12-27 06:00:56.573000","58","False","False",""
"1","1","Mana Geyser","scd","Near Mint","English","","","2023-12-27 05:13:11.847000","151","False","False",""
"4","4","Mandible Justiciar","one","Near Mint","English","","","2024-01-11 07:38:37.447000","21","False","False",""
"1","1","Man-o'-War","dmr","Near Mint","English","","","2024-01-11 08:24:54.223000","58","False","False",""
"1","1","Marble Diamond","cmr","Near Mint","English","","","2024-01-11 07:44:06.113000","323","False","False",""
"2","2","Marble Gargoyle","mh2","Near Mint","English","","","2024-01-11 08:51:23.730000","382","False","False",""
"1","1","Mask of Memory","cmr","Near Mint","English","","","2024-01-11 09:04:02.340000","324","False","False",""
"1","1","Matter Reshaper","cmm","Near Mint","English","","","2024-01-10 21:41:01.887000","806","False","False",""
"1","1","Maw of Kozilek","ogw","Near Mint","English","","","2024-01-14 06:12:00.303000","99","False","False",""
"2","2","Maze Skullbomb","one","Near Mint","English","","","2024-01-11 08:39:02.930000","231","False","False",""
"1","1","Mazemind Tome","cmm","Near Mint","English","","","2024-01-10 21:41:01.887000","959","False","False",""
"1","1","Maze's Mantle","one","Near Mint","English","","","2023-12-27 06:32:37.310000","174","False","False",""
"2","2","Meldweb Curator","one","Near Mint","English","","","2024-01-11 08:20:11.383000","59","False","False",""
"1","1","Meldweb Strider","one","Near Mint","English","","","2023-12-27 05:22:09.463000","60","False","False",""
"1","1","Melira, the Living Cure","one","Near Mint","English","","","2023-12-27 05:52:11.733000","209","False","False",""
"1","1","Mental Journey","mh2","Near Mint","English","","","2024-01-11 08:28:30.287000","51","False","False",""
"1","1","Mercurial Spelldancer","one","Near Mint","English","","","2023-12-27 06:48:29.550000","61","False","False",""
"1","1","Mercurial Spelldancer","one","Near Mint","English","foil","","2023-12-27 06:37:35.390000","61","False","False",""
"1","1","Mesmerizing Dose","one","Near Mint","English","","","2023-12-27 06:50:08.023000","62","False","False",""
"1","1","Mesmerizing Dose","one","Near Mint","English","foil","","2024-01-11 08:30:28.617000","62","False","False",""
"1","1","Metalwork Colossus","cmm","Near Mint","English","","","2024-01-10 21:41:01.887000","960","False","False",""
"1","1","Meteor Golem","cmr","Near Mint","English","","","2024-01-11 08:57:18.327000","325","False","False",""
"1","1","Meteor Golem","cmm","Near Mint","English","","","2024-01-10 21:41:01.887000","399","False","False",""
"1","1","Military Discipline","bro","Near Mint","English","","","2024-01-11 08:52:48.223000","17","False","False",""
"1","1","Militia Bugler","2x2","Near Mint","English","","","2024-01-11 08:51:12.977000","19","False","False",""
"1","1","Mind Raker","bfz","Near Mint","English","","","2024-01-14 06:12:10.040000","95","False","False",""
"1","1","Mind Stone","cmm","Near Mint","English","","","2024-01-10 21:41:01.887000","961","False","False",""
"3","3","Minor Misstep","one","Near Mint","English","","","2024-01-11 08:27:35.547000","64","False","False",""
"1","1","Mirage Mirror","cmm","Near Mint","English","","","2024-01-10 21:41:01.887000","962","False","False",""
"3","3","Mirran Bardiche","one","Near Mint","English","","","2024-01-11 07:45:06.277000","22","False","False",""
"1","1","Mirran Bardiche","one","Near Mint","English","foil","","2023-12-27 05:55:34.857000","22","False","False",""
"1","1","Mirrex","one","Near Mint","English","","","2023-12-27 06:43:03.010000","254","False","False",""
"1","1","Mirrorpool","cmm","Near Mint","English","","","2024-01-10 21:41:01.887000","1010","False","False",""
"1","1","Mishra's Research Desk","bro","Near Mint","English","foil","","2024-01-11 09:07:18.250000","162","False","False",""
"1","1","Mist Intruder","bfz","Near Mint","English","","","2024-01-14 06:11:50.940000","61","False","False",""
"1","1","Mogg Salvage","mh2","Near Mint","English","","","2024-01-11 07:26:28.807000","282","False","False",""
"2","2","Molder Beast","cmr","Near Mint","English","","","2024-01-11 09:11:55.420000","243","False","False",""
"1","1","Molten Rebuke","one","Near Mint","English","","","2023-12-27 05:18:00.070000","141","False","False",""
"1","1","Molten Rebuke","one","Near Mint","English","foil","","2023-12-27 05:39:39.747000","141","False","False",""
"1","1","Molten Slagheap","scd","Near Mint","English","","","2023-12-27 05:13:11.847000","309","False","False",""
"1","1","Monument to Perfection","one","Near Mint","English","","","2023-12-27 06:40:11.663000","233","False","False",""
"1","1","Moon-Circuit Hacker","neo","Near Mint","English","","","2024-01-11 08:24:36.237000","67","False","False",""
"1","1","Moon-Circuit Hacker","neo","Near Mint","English","foil","","2024-01-11 08:24:29.073000","67","False","False",""
"1","1","Mordenkainen's Polymorph","afr","Near Mint","English","","","2024-01-11 08:28:09.237000","65","False","False",""
"2","2","Moss Diamond","cmr","Near Mint","English","","","2024-01-11 09:16:26.580000","327","False","False",""
"7","7","Mountain","scd","Near Mint","English","","","2023-12-27 05:13:11.847000","348","False","False",""
"7","7","Mountain","scd","Near Mint","English","","","2023-12-27 05:13:11.847000","345","False","False",""
"1","1","Murk Strider","bfz","Near Mint","English","","","2024-01-14 06:12:18.313000","62","False","False",""
"3","3","Myr Convert","one","Near Mint","English","","","2024-01-11 09:00:10.030000","234","False","False",""
"4","4","Myr Convert","one","Near Mint","English","","","2024-01-11 09:00:16.473000","297","False","False",""
"2","2","Myr Custodian","one","Near Mint","English","","","2024-01-11 08:59:42.733000","235","False","False",""
"1","1","Myr Custodian","one","Near Mint","English","foil","","2023-12-27 06:16:38.980000","235","False","False",""
"2","2","Myr Kinsmith","one","Near Mint","English","","","2024-01-11 08:58:28.913000","236","False","False",""
"1","1","Myriad Construct","cmm","Near Mint","English","","","2024-01-10 21:41:01.887000","963","False","False",""
"1","1","Myriad Landscape","scd","Near Mint","English","","","2023-12-27 05:13:11.847000","311","False","False",""
"1","1","Mystic Forge","cmm","Near Mint","English","","","2024-01-10 21:41:01.887000","964","False","False",""
"1","1","Nahiri's Sacrifice","one","Near Mint","English","","","2023-12-27 07:04:57.410000","142","False","False",""
"1","1","Najal, the Storm Runner","dmu","Near Mint","English","","","2023-12-28 01:07:26.110000","208","False","False",""
"1","1","Necrogen Communion","one","Near Mint","English","","","2023-12-27 07:02:06.587000","99","False","False",""
"2","2","Necrogen Rotpriest","one","Near Mint","English","","","2023-12-28 01:05:18.280000","212","False","False",""
"3","3","Necrogen Rotpriest","one","Near Mint","English","","","2023-12-27 06:30:30.197000","296","False","False",""
"1","1","Necrogoyf","mh2","Near Mint","English","","","2024-01-11 07:47:02.877000","93","False","False",""
"2","2","Necrosquito","one","Near Mint","English","","","2024-01-11 08:12:32.117000","100","False","False",""
"1","1","Nightscape Familiar","dmr","Near Mint","English","","","2024-01-11 08:40:35.693000","94","False","False",""
"1","1","Nihil Spellbomb","scd","Near Mint","English","","","2023-12-27 05:13:11.847000","270","False","False",""
"2","2","Nimraiser Paladin","one","Near Mint","English","","","2023-12-27 06:30:18.837000","101","False","False",""
"1","1","Nimraiser Paladin","one","Near Mint","English","foil","","2024-01-11 07:50:06.000000","101","False","False",""
"1","1","Norika Yamazaki, the Poet","neo","Near Mint","English","","","2024-01-11 07:34:27.683000","31","False","False",""
"1","1","Norn's Wellspring","one","Near Mint","English","","","2023-12-27 06:54:39.390000","24","False","False",""
"1","1","Norn's Wellspring","one","Near Mint","English","foil","","2024-01-11 07:33:50.897000","24","False","False",""
"1","1","Not of This World","cmm","Near Mint","English","","","2024-01-10 21:41:01.887000","807","False","False",""
"2","2","Noxious Assault","one","Near Mint","English","","","2023-12-27 06:56:42.553000","176","False","False",""
"1","1","Noxious Gearhulk","ncc","Near Mint","English","","","2024-01-11 07:47:41.797000","254","False","False",""
"1","1","Ob Nixilis Reignited","scd","Near Mint","English","","","2023-12-27 05:13:11.847000","96","False","False",""
"1","1","Oblivion Sower","cmm","Near Mint","English","","","2024-01-10 21:41:01.887000","808","False","False",""
"1","1","Obsidian Charmaw","mh2","Near Mint","English","","","2024-01-11 07:02:25.530000","137","False","False",""
"3","3","Offer Immortality","one","Near Mint","English","","","2024-01-11 08:42:25.693000","102","False","False",""
"2","2","Oil-Gorger Troll","one","Near Mint","English","","","2024-01-11 07:18:24.117000","177","False","False",""
"1","1","Okiba Reckoner Raid // Nezumi Road Captain","neo","Near Mint","English","","","2024-01-11 08:46:28.960000","117","False","False",""
"1","1","Okiba Reckoner Raid // Nezumi Road Captain","neo","Near Mint","English","foil","","2024-01-11 08:45:54.870000","117","False","False",""
"1","1","Omarthis, Ghostfire Initiate","cmm","Near Mint","English","foil","","2024-01-10 21:41:01.887000","708","False","False",""
"3","3","Open the Armory","soi","Near Mint","English","","","2024-01-11 07:43:23.500000","32","False","False",""
"1","1","Oracle of Dust","bfz","Near Mint","English","","","2024-01-14 06:11:43.963000","63","False","False",""
"1","1","Ornithopter of Paradise","cmm","Near Mint","English","","","2024-01-10 21:41:01.887000","966","False","False",""
"1","1","Orthion, Hero of Lavabrink","mom","Near Mint","English","","","2024-01-07 10:40:02.897000","334","False","False",""
"2","2","Orthodoxy Enforcer","one","Near Mint","English","","","2024-01-11 07:38:12.440000","25","False","False",""
"3","3","Ossification","one","Near Mint","English","","","2024-01-11 07:45:25.270000","26","False","False",""
"1","1","Oxidda Finisher","one","Near Mint","English","","","2023-12-27 06:33:27.520000","143","False","False",""
"1","1","Painful Quandary","bro","Near Mint","English","","","2024-01-11 07:48:25.520000","111","False","False",""
"1","1","Palace Sentinels","cmr","Near Mint","English","","","2024-01-11 07:39:32.447000","36","False","False",""
"2","2","Paladin of Predation","one","Near Mint","English","","","2023-12-27 06:56:54.370000","178","False","False",""
"1","1","Palladium Myr","cmm","Near Mint","English","","","2024-01-10 21:41:01.887000","967","False","False",""
"1","1","Papercraft Decoy","neo","Near Mint","English","","","2024-01-11 08:58:43.773000","253","False","False",""
"2","2","Peerless Samurai","neo","Near Mint","English","","","2024-01-11 09:06:48.947000","322","False","False",""
"1","1","Pennon Blade","cmr","Near Mint","English","foil","","2024-01-11 09:04:13.563000","329","False","False",""
"2","2","Perilous Myr","cmr","Near Mint","English","","","2024-01-11 09:00:34.107000","330","False","False",""
"1","1","Perilous Vault","cmm","Near Mint","English","","","2024-01-10 21:41:01.887000","968","False","False",""
"1","1","Persistent Specimen","vow","Near Mint","English","","","2023-12-28 00:55:03.837000","125","False","False",""
"3","3","Pestilent Syphoner","one","Near Mint","English","","","2024-01-11 08:41:00.337000","103","False","False",""
"1","1","Pestilent Syphoner","one","Near Mint","English","foil","","2023-12-27 06:31:29.197000","103","False","False",""
"1","1","Phyrexian Arena","one","Near Mint","English","","","2023-12-27 05:45:45.683000","104","False","False",""
"1","1","Phyrexian Atlas","one","Near Mint","English","","","2023-12-27 06:59:41.840000","237","False","False",""
"1","1","Phyrexian Debaser","dmr","Near Mint","English","","","2024-01-11 08:40:52.157000","97","False","False",""
"3","3","Phyrexian Rager","cmr","Near Mint","English","","","2024-01-11 08:41:28.847000","142","False","False",""
"1","1","Phyrexian Rager","cmr","Near Mint","English","foil","","2024-01-11 08:12:23.867000","142","False","False",""
"1","1","Phyrexian Triniform","cmm","Near Mint","English","","","2024-01-10 21:41:01.887000","969","False","False",""
"1","1","Phyrexian Vindicator","one","Near Mint","English","","","2023-12-27 06:52:14.650000","27","False","False",""
"1","1","Phyrexian Walker","plist","Near Mint","English","","","2023-12-27 06:20:08.400000","885","False","False",""
"1","1","Picnic Ruiner // Stolen Goodies","woe","Near Mint","English","","","2023-12-28 01:09:00.417000","232","False","False",""
"2","2","Pilgrim's Eye","cmr","Near Mint","English","","","2024-01-11 08:58:09.043000","332","False","False",""
"1","1","Pippin's Bravery","ltr","Near Mint","English","","","2023-12-28 00:55:45.370000","414","False","False",""
"1","1","Pirate's Cutlass","cmr","Near Mint","English","","","2024-01-11 09:01:12.213000","333","False","False",""
"1","1","Plague Nurse","one","Near Mint","English","","","2023-12-27 06:44:43.410000","179","False","False",""
"3","3","Planar Disruption","one","Near Mint","English","","","2024-01-11 07:45:42.183000","28","False","False",""
"1","1","Plasma Jockey","snc","Near Mint","English","","","2023-12-28 01:02:01.460000","115","False","False",""
"2","2","Plated Onslaught","one","Near Mint","English","","","2024-01-11 07:31:44.897000","29","False","False",""
"1","1","Plated Onslaught","one","Near Mint","English","foil","","2023-12-27 06:19:53.980000","29","False","False",""
"2","2","Porcelain Zealot","one","Near Mint","English","","","2023-12-27 06:08:57.033000","30","False","False",""
"1","1","Powerstone Engineer","bro","Near Mint","English","","","2024-01-11 07:39:23.947000","20","False","False",""
"1","1","Prava of the Steel Legion","cmr","Near Mint","English","","","2024-01-11 07:34:36.073000","38","False","False",""
"1","1","Predation Steward","one","Near Mint","English","","","2023-12-27 05:27:33.757000","180","False","False",""
"1","1","Predation Steward","one","Near Mint","English","foil","","2024-01-11 07:17:28.933000","180","False","False",""
"1","1","Priest of Ancient Lore","afr","Near Mint","English","","","2024-01-11 07:39:15.460000","35","False","False",""
"1","1","Profane Command","scd","Near Mint","English","","","2023-12-27 05:13:11.847000","99","False","False",""
"4","4","Prologue to Phyresis","one","Near Mint","English","","","2024-01-11 08:28:50.603000","65","False","False",""
"3","3","Prophetic Prism","one","Near Mint","English","","","2024-01-11 09:06:01.860000","238","False","False",""
"1","1","Prophetic Prism","cmr","Near Mint","English","","","2024-01-11 09:02:14.033000","334","False","False",""
"1","1","Prosperous Pirates","cmr","Near Mint","English","","","2024-01-11 08:19:22.250000","85","False","False",""
"3","3","Prosthetic Injector","one","Near Mint","English","","","2024-01-11 09:05:21.683000","239","False","False",""
"1","1","Prying Eyes","cmr","Near Mint","English","","","2024-01-11 08:26:40.127000","86","False","False",""
"3","3","Quicksilver Fisher","one","Near Mint","English","","","2024-01-11 08:25:06.410000","66","False","False",""
"8","8","Quicksilver Fisher","one","Near Mint","English","","","2024-01-11 08:32:26.360000","287","False","False",""
"1","1","Raise the Alarm","cmr","Near Mint","English","","","2024-01-11 07:31:36.280000","41","False","False",""
"1","1","Rakdos Charm","scd","Near Mint","English","","","2023-12-27 05:13:11.847000","239","False","False",""
"1","1","Rakdos Signet","scd","Near Mint","English","","","2023-12-27 05:13:11.847000","272","False","False",""
"1","1","Rakshasa Debaser","scd","Near Mint","English","","","2023-12-27 05:13:11.847000","100","False","False",""
"2","2","Ranger's Longbow","afr","Near Mint","English","","","2024-01-11 08:47:13.777000","203","False","False",""
"3","3","Ravenous Necrotitan","one","Near Mint","English","","","2024-01-11 08:12:41.000000","106","False","False",""
"1","1","Razorverge Thicket","one","Near Mint","English","","","2023-12-27 05:19:42.333000","257","False","False",""
"1","1","Read the Bones","scd","Near Mint","English","","","2023-12-27 05:13:11.847000","101","False","False",""
"1","1","Rebbec, Architect of Ascension","cmr","Near Mint","English","","","2024-01-11 07:34:18.330000","42","False","False",""
"2","2","Rebel Salvo","one","Near Mint","English","","","2024-01-11 07:20:26.387000","144","False","False",""
"1","1","Recalibrate","mh2","Near Mint","English","","","2024-01-11 08:28:17.233000","57","False","False",""
"1","1","Redtooth Genealogist","woe","Near Mint","English","","","2023-12-28 01:09:49.343000","179","False","False",""
"1","1","Refuse to Yield","snc","Near Mint","English","","","2023-12-28 01:02:34.763000","27","False","False",""
"1","1","Reign of the Pit","scd","Near Mint","English","","","2023-12-27 05:13:11.847000","102","False","False",""
"2","2","Reject Imperfection","one","Near Mint","English","","","2023-12-27 06:53:19.520000","67","False","False",""
"1","1","Relief Captain","2x2","Near Mint","English","foil","","2024-01-11 08:50:43.593000","24","False","False",""
"1","1","Reliquary Tower","cmm","Near Mint","English","","","2024-01-10 21:41:01.887000","425","False","False",""
"1","1","Renegade Tactics","cmr","Near Mint","English","","","2024-01-11 07:28:28.930000","195","False","False",""
"1","1","Resistance Reunited","one","Near Mint","English","","","2023-12-27 06:39:24.950000","31","False","False",""
"1","1","Resistance Skywarden","one","Near Mint","English","","","2023-12-27 06:33:46.990000","146","False","False",""
"1","1","Resistance Skywarden","one","Near Mint","English","foil","","2024-01-11 07:05:43.520000","146","False","False",""
"1","1","Restless Bloodseeker // Bloodsoaked Reveler","vow","Near Mint","English","","","2023-12-28 00:53:06.493000","295","False","False",""
"1","1","Retrieval Agent","bro","Near Mint","English","","","2024-01-11 08:23:21.987000","60","False","False",""
"1","1","Revolutionist","mh2","Near Mint","English","","","2024-01-11 07:09:30.730000","139","False","False",""
"1","1","Rhuk, Hexgold Nabber","one","Near Mint","English","","","2023-12-27 05:58:12.597000","407","False","False",""
"1","1","Ria Ivor, Bane of Bladehold","one","Near Mint","English","","","2023-12-27 05:24:13.710000","214","False","False",""
"1","1","Ribskiff","one","Near Mint","English","","","2023-12-27 06:02:04.933000","240","False","False",""
"1","1","Ribskiff","one","Near Mint","English","foil","","2024-01-11 09:05:43.800000","240","False","False",""
"2","2","Ripscale Predator","cmr","Near Mint","English","","","2024-01-11 07:04:10.673000","196","False","False",""
"1","1","Rise of the Eldrazi","cmm","Near Mint","English","","","2024-01-10 21:41:01.887000","716","False","False",""
"1","1","Rise of the Witch-king","ltr","Near Mint","English","","","2023-12-28 00:55:54.163000","221","False","False",""
"1","1","Rivendell","ltr","Near Mint","English","","","2023-12-28 00:55:36.047000","259","False","False",""
"1","1","Rogue's Passage","cmm","Near Mint","English","","","2024-01-10 21:41:01.887000","426","False","False",""
"3","3","Rosie Cotton of South Lane","ltr","Near Mint","English","","","2024-01-11 08:51:01.877000","27","False","False",""
"1","1","Rot-Tide Gargantua","vow","Near Mint","English","","","2023-12-28 00:54:54.423000","129","False","False",""
"1","1","Ruby, Daring Tracker","woe","Near Mint","English","","","2023-12-28 01:09:25.890000","212","False","False",""
"1","1","Ruin Processor","bfz","Near Mint","English","","","2024-01-14 06:11:35.963000","12","False","False",""
"1","1","Ruins of Oran-Rief","cmm","Near Mint","English","","","2024-01-10 21:41:01.887000","1023","False","False",""
"1","1","Rummaging Goblin","cmr","Near Mint","English","","","2024-01-11 07:03:46.777000","198","False","False",""
"1","1","Run Away Together","cmr","Near Mint","English","","","2024-01-11 08:25:42.160000","87","False","False",""
"1","1","Rust Goliath","bro","Near Mint","English","","","2024-01-11 07:19:16.833000","204","False","False",""
"3","3","Rustvine Cultivator","one","Near Mint","English","","","2024-01-11 07:18:10.250000","181","False","False",""
"7","7","Rustvine Cultivator","one","Near Mint","English","","","2024-01-11 07:18:56.127000","295","False","False",""
"2","2","Ruthless Predation","one","Near Mint","English","","","2024-01-11 09:15:05.753000","182","False","False",""
"1","1","Ruthless Predation","one","Near Mint","English","foil","","2024-01-11 09:15:02.610000","182","False","False",""
"1","1","Salvage Drone","bfz","Near Mint","English","","","2024-01-14 06:11:29.943000","65","False","False",""
"1","1","Samwise the Stouthearted","ltr","Near Mint","English","","","2023-12-28 00:56:43.590000","28","False","False",""
"1","1","Sandstorm","dmr","Near Mint","English","","","2024-01-11 09:14:28.877000","174","False","False",""
"1","1","Sangromancer","scd","Near Mint","English","","","2023-12-27 05:13:11.847000","103","False","False",""
"1","1","Savannah Lions","dmr","Near Mint","English","foil","","2024-01-11 08:54:51.947000","24","False","False",""
"2","2","Sawblade Scamp","one","Near Mint","English","","","2024-01-11 07:07:36.627000","147","False","False",""
"1","1","Sawblade Scamp","one","Near Mint","English","foil","","2024-01-11 07:06:37.833000","147","False","False",""
"6","6","Sawblade Scamp","one","Near Mint","English","","","2024-01-11 07:07:10.117000","292","False","False",""
"1","1","Scaretiller","cmm","Near Mint","English","","","2024-01-10 21:41:01.887000","971","False","False",""
"1","1","Scavenger Grounds","cmm","Near Mint","English","","","2024-01-10 21:41:01.887000","1027","False","False",""
"1","1","Scheming Aspirant","one","Near Mint","English","","","2023-12-27 05:23:18.820000","107","False","False",""
"1","1","Scholar of Stars","cmr","Near Mint","English","","","2024-01-11 08:19:40.583000","92","False","False",""
"1","1","Scion Summoner","ogw","Near Mint","English","","","2024-01-14 06:10:45.587000","123","False","False",""
"1","1","Scrapwork Cohort","bro","Near Mint","English","","","2024-01-11 08:53:52.840000","37","False","False",""
"1","1","Scrapwork Cohort","bro","Near Mint","English","foil","","2024-01-11 07:41:36.163000","37","False","False",""
"1","1","Scrapwork Mutt","bro","Near Mint","English","","","2024-01-11 07:08:20.527000","164","False","False",""
"1","1","Scrapwork Rager","bro","Near Mint","English","","","2024-01-11 08:13:23.090000","123","False","False",""
"2","2","Scrounging Bandar","cmr","Near Mint","English","","","2024-01-11 09:11:37.487000","252","False","False",""
"1","1","Scythe Specter","scd","Near Mint","English","","","2023-12-27 05:13:11.847000","105","False","False",""
"1","1","Sea Gate","clb","Near Mint","English","foil","","2024-01-11 08:31:45.287000","359","False","False",""
"1","1","Sea Gate Wreckage","cmm","Near Mint","English","","","2024-01-10 21:41:01.887000","1028","False","False",""
"1","1","Seeker of the Way","2x2","Near Mint","English","","","2024-01-11 08:48:42.300000","28","False","False",""
"2","2","Seer's Lantern","cmr","Near Mint","English","","","2024-01-11 09:05:12.470000","338","False","False",""
"1","1","Self-Assembler","brr","Near Mint","English","","","2024-01-11 08:59:09.820000","51","False","False",""
"1","1","Sensor Splicer","2x2","Near Mint","English","","","2024-01-11 08:48:06.660000","29","False","False",""
"1","1","Sepulchral Primordial","scd","Near Mint","English","","","2023-12-27 05:13:11.847000","106","False","False",""
"2","2","Seraph of Dawn","cmr","Near Mint","English","","","2024-01-11 08:55:15.233000","44","False","False",""
"1","1","Seraph of Dawn","cmr","Near Mint","English","foil","","2024-01-11 07:31:11.253000","44","False","False",""
"1","1","Serum Snare","one","Near Mint","English","","","2023-12-27 06:38:51.720000","68","False","False",""
"1","1","Serum Snare","one","Near Mint","English","foil","","2023-12-27 05:31:18.970000","68","False","False",""
"1","1","Serum-Core Chimera","one","Near Mint","English","","","2023-12-27 05:35:06.547000","215","False","False",""
"1","1","Seton's Desire","dmr","Near Mint","English","","","2024-01-11 08:39:31.250000","176","False","False",""
"1","1","Shadow Summoning","ltr","Near Mint","English","","","2023-12-28 00:56:13.927000","226","False","False",""
"2","2","Sheoldred's Edict","one","Near Mint","English","","","2024-01-11 08:41:44.120000","108","False","False",""
"2","2","Sheoldred's Headcleaver","one","Near Mint","English","","","2023-12-27 06:29:29.960000","109","False","False",""
"1","1","Sheoldred's Headcleaver","one","Near Mint","English","foil","","2024-01-11 08:13:12.110000","109","False","False",""
"1","1","Shiny Impetus","ltc","Near Mint","English","","","2024-01-07 10:39:44.727000","227","False","False",""
"2","2","Shire Shirriff","ltr","Near Mint","English","","","2024-01-11 08:49:12.097000","30","False","False",""
"2","2","Shrapnel Slinger","one","Near Mint","English","","","2023-12-27 06:25:34.197000","148","False","False",""
"1","1","Shrine of the Forsaken Gods","cmm","Near Mint","English","","","2024-01-10 21:41:01.887000","1034","False","False",""
"1","1","Sign in Blood","scd","Near Mint","English","","","2023-12-27 05:13:11.847000","107","False","False",""
"3","3","Sinew Dancer","one","Near Mint","English","","","2024-01-11 07:40:06.710000","32","False","False",""
"6","6","Sinew Dancer","one","Near Mint","English","","","2024-01-11 07:39:55.170000","286","False","False",""
"2","2","Sinew Dancer","one","Near Mint","English","foil","","2024-01-11 07:39:41.177000","286","False","False",""
"3","3","Sisay's Ring","cmr","Near Mint","English","","","2024-01-11 09:06:09.727000","340","False","False",""
"1","1","Skaab Goliath","cmr","Near Mint","English","","","2024-01-11 08:18:58.763000","97","False","False",""
"1","1","Skittering Cicada","cmm","Near Mint","English","","","2024-01-10 21:41:01.887000","717","False","False",""
"1","1","Skophos Reaver","mh2","Near Mint","English","","","2024-01-11 09:06:40.023000","140","False","False",""
"1","1","Skrelv's Hive","one","Near Mint","English","","","2023-12-27 06:02:35.570000","34","False","False",""
"1","1","Sky Diamond","mic","Near Mint","English","","","2024-01-11 08:56:17.947000","161","False","False",""
"1","1","Sky-Blessed Samurai","neo","Near Mint","English","","","2024-01-11 08:54:00.877000","37","False","False",""
"1","1","Skyscythe Engulfer","one","Near Mint","English","","","2023-12-27 07:02:38.300000","183","False","False",""
"1","1","Skywhaler's Shot","cmr","Near Mint","English","","","2024-01-11 07:41:55.367000","46","False","False",""
"2","2","Slaughter Singer","one","Near Mint","English","","","2023-12-27 06:29:59.413000","216","False","False",""
"1","1","Slayer's Cleaver","emn","Near Mint","English","","","2024-01-11 09:03:44.487000","198","False","False",""
"1","1","Slimefoot's Survey","dmu","Near Mint","English","","","2023-12-28 01:07:17.337000","178","False","False",""
"1","1","Slobad, Iron Goblin","one","Near Mint","English","","","2023-12-27 06:34:09.587000","149","False","False",""
"1","1","Sludge Crawler","bfz","Near Mint","English","","","2024-01-14 06:11:06.163000","98","False","False",""
"1","1","Smoldering Marsh","scd","Near Mint","English","","","2023-12-27 05:13:11.847000","319","False","False",""
"1","1","Social Climber","snc","Near Mint","English","","","2023-12-28 00:57:52.520000","157","False","False",""
"1","1","Sol Ring","scd","Near Mint","English","","","2023-12-27 05:13:11.847000","276","False","False",""
"1","1","Sol Ring","cmm","Near Mint","English","","","2024-01-10 21:41:01.887000","410","False","False",""
"1","1","Solemn Simulacrum","scd","Near Mint","English","","","2023-12-27 05:13:11.847000","277","False","False",""
"1","1","Solemn Simulacrum","cmm","Near Mint","English","","","2024-01-10 21:41:01.887000","973","False","False",""
"1","1","Solphim, Mayhem Dominus","one","Near Mint","English","","","2023-12-27 06:12:12.193000","150","False","False",""
"1","1","Song of Totentanz","woe","Near Mint","English","","","2023-12-28 01:10:30.673000","150","False","False",""
"1","1","Soul of Migration","mh2","Near Mint","English","","","2024-01-11 08:48:51.377000","33","False","False",""
"1","1","Soul of Migration","mh2","Near Mint","English","foil","","2024-01-11 08:48:30.573000","33","False","False",""
"1","1","Soul of New Phyrexia","cmm","Near Mint","English","","","2024-01-10 21:41:01.887000","974","False","False",""
"1","1","Soul Partition","bro","Near Mint","English","","","2024-01-11 07:33:37.963000","26","False","False",""
"1","1","Soul Shatter","scd","Near Mint","English","","","2023-12-27 05:13:11.847000","108","False","False",""
"1","1","Soul Snare","mh2","Near Mint","English","","","2024-01-11 07:46:03.607000","266","False","False",""
"2","2","Soul's Fire","cmr","Near Mint","English","","","2024-01-11 07:28:00.427000","200","False","False",""
"1","1","Soul's Might","cmr","Near Mint","English","","","2024-01-11 09:14:37.403000","257","False","False",""
"1","1","Spare Dagger","afr","Near Mint","English","","","2024-01-11 09:02:35.277000","250","False","False",""
"1","1","Spark Harvest","cmr","Near Mint","English","","","2024-01-11 08:45:01.173000","150","False","False",""
"1","1","Sparktongue Dragon","cmr","Near Mint","English","","","2024-01-11 07:02:37.627000","202","False","False",""
"1","1","Spatial Contortion","cmm","Near Mint","English","","","2024-01-10 21:41:01.887000","809","False","False",""
"1","1","Spinning Wheel Kick","neo","Near Mint","English","foil","","2024-01-11 09:15:53.093000","207","False","False",""
"1","1","Spirit Link","dmr","Near Mint","English","","","2024-01-11 07:46:35.010000","29","False","False",""
"1","1","Spiteful Visions","scd","Near Mint","English","","","2023-12-27 05:13:11.847000","245","False","False",""
"1","1","Spontaneous Mutation","cmr","Near Mint","English","","","2024-01-11 08:30:00.663000","100","False","False",""
"1","1","Squirrel Sovereign","mh2","Near Mint","English","","","2024-01-11 09:08:47.497000","175","False","False",""
"1","1","Stalking Drone","ogw","Near Mint","English","","","2024-01-14 06:11:20.403000","124","False","False",""
"1","1","Staunch Throneguard","cmr","Near Mint","English","","","2024-01-11 08:57:57.673000","344","False","False",""
"1","1","Staunch Throneguard","cmr","Near Mint","English","foil","","2024-01-11 09:00:48.460000","344","False","False",""
"1","1","Steadfast Cathar","emn","Near Mint","English","","","2024-01-11 08:54:30.263000","44","False","False",""
"1","1","Steadfast Paladin","afr","Near Mint","English","","","2024-01-11 08:54:41.987000","38","False","False",""
"1","1","Steel Hellkite","cmm","Near Mint","English","","","2024-01-10 21:41:01.887000","975","False","False",""
"1","1","Steel Overseer","c21","Near Mint","English","","","2024-01-11 08:57:30.200000","267","False","False",""
"1","1","Stenn, Paranoid Partisan","dmu","Near Mint","English","","","2023-12-28 01:06:47.030000","221","False","False",""
"1","1","Stensia Bloodhall","scd","Near Mint","English","","","2023-12-27 05:13:11.847000","320","False","False",""
"1","1","Stern Scolding","ltr","Near Mint","English","","","2023-12-28 00:55:17.997000","71","False","False",""
"2","2","Stinging Hivemaster","one","Near Mint","English","","","2023-12-27 06:29:08.680000","110","False","False",""
"1","1","Stinging Hivemaster","one","Near Mint","English","foil","","2024-01-11 07:49:44.057000","110","False","False",""
"1","1","Stonecoil Serpent","cmm","Near Mint","English","","","2024-01-10 21:41:01.887000","976","False","False",""
"2","2","Stonefury","cmr","Near Mint","English","","","2024-01-11 07:28:57.627000","203","False","False",""
"1","1","Stonefury","cmr","Near Mint","English","foil","","2024-01-11 07:29:03.533000","203","False","False",""
"1","1","Stormfist Crusader","scd","Near Mint","English","","","2023-12-27 05:13:11.847000","247","False","False",""
"1","1","Strategic Planning","cmr","Near Mint","English","","","2024-01-11 08:29:18.207000","101","False","False",""
"1","1","Strength of Arms","soi","Near Mint","English","","","2024-01-11 07:42:15.290000","40","False","False",""
"2","2","Subjugator Angel","emn","Near Mint","English","","","2024-01-11 08:54:22.717000","45","False","False",""
"1","1","Subterranean Scout","dmr","Near Mint","English","","","2024-01-11 07:09:59.563000","143","False","False",""
"1","1","Sunbird's Invocation","scd","Near Mint","English","","","2023-12-27 05:13:11.847000","159","False","False",""
"1","1","Sunset Pyramid","cmr","Near Mint","English","","","2024-01-11 09:04:33.787000","345","False","False",""
"1","1","Supernatural Stamina","cmr","Near Mint","English","","","2024-01-11 08:42:14.807000","151","False","False",""
"1","1","Supply Drop","bro","Near Mint","English","foil","","2024-01-11 09:02:24.670000","250","False","False",""
"1","1","Supreme Will","cmr","Near Mint","English","","","2024-01-11 08:25:21.917000","102","False","False",""
"4","4","Surgical Skullbomb","one","Near Mint","English","","","2024-01-11 08:29:37.963000","243","False","False",""
"1","1","Surgical Skullbomb","one","Near Mint","English","foil","","2023-12-27 05:36:23.177000","243","False","False",""
"1","1","Suspicious Bookcase","cmm","Near Mint","English","","","2024-01-10 21:41:01.887000","977","False","False",""
"7","7","Swamp","scd","Near Mint","English","","","2023-12-27 05:13:11.847000","344","False","False",""
"8","8","Swamp","scd","Near Mint","English","","","2023-12-27 05:13:11.847000","342","False","False",""
"2","2","Swooping Lookout","one","Near Mint","English","","","2024-01-11 07:40:20.823000","35","False","False",""
"1","1","Sword of War and Peace","2xm","Near Mint","English","","","2023-12-27 05:39:07.557000","300","False","False",""
"1","1","Sylvok Battle-Chair","one","Near Mint","English","","","2024-01-11 09:17:21.430000","184","False","False",""
"2","2","Sylvok Battle-Chair","one","Near Mint","English","foil","","2024-01-11 09:17:00.537000","184","False","False",""
"1","1","Synthesis Pod","onc","Near Mint","English","","","2023-12-27 06:19:21.230000","23","False","False",""
"1","1","Syphon Mind","scd","Near Mint","English","","","2023-12-27 05:13:11.847000","111","False","False",""
"1","1","Tainted Observer","one","Near Mint","English","","","2023-12-27 06:52:52.813000","217","False","False",""
"1","1","Talisman of Indulgence","scd","Near Mint","English","","","2023-12-27 05:13:11.847000","282","False","False",""
"1","1","Tamiyo's Immobilizer","one","Near Mint","English","","","2023-12-27 06:42:19.640000","69","False","False",""
"1","1","Tamiyo's Logbook","one","Near Mint","English","","","2023-12-27 06:42:09.807000","70","False","False",""
"1","1","Tatyova, Steward of Tides","dmu","Near Mint","English","","","2023-12-28 01:06:59.470000","321","False","False",""
"1","1","Tectonic Giant","scd","Near Mint","English","","","2023-12-27 05:13:11.847000","161","False","False",""
"1","1","Temple of Malice","scd","Near Mint","English","","","2023-12-27 05:13:11.847000","326","False","False",""
"1","1","Temple of the False God","cmm","Near Mint","English","","","2024-01-10 21:41:01.887000","1046","False","False",""
"1","1","Terminate","scd","Near Mint","English","","","2023-12-27 05:13:11.847000","249","False","False",""
"1","1","Terramorphic Expanse","one","Near Mint","English","","","2023-12-28 01:06:03.393000","261","False","False",""
"2","2","Testament Bearer","one","Near Mint","English","","","2023-12-27 06:21:03.337000","111","False","False",""
"1","1","Testament Bearer","one","Near Mint","English","foil","","2023-12-27 06:43:32.507000","111","False","False",""
"1","1","The Antiquities War","dom","Near Mint","English","","","2023-12-27 05:31:44.483000","42","False","False",""
"3","3","The Autonomous Furnace","one","Near Mint","English","","","2024-01-11 09:08:26.267000","247","False","False",""
"2","2","The Dross Pits","one","Near Mint","English","","","2023-12-27 06:57:14.883000","251","False","False",""
"1","1","The Eternal Wanderer","one","Near Mint","English","","","2023-12-27 06:27:01.707000","11","False","False",""
"1","1","The Eternal Wanderer","one","Near Mint","English","","","2023-12-27 05:36:44.800000","335","False","False",""
"2","2","The Fair Basilica","one","Near Mint","English","","","2024-01-11 07:46:52.463000","252","False","False",""
"1","1","The Filigree Sylex","one","Near Mint","English","","","2023-12-27 05:49:29.570000","227","False","False",""
"1","1","The Howling Abomination","slx","Near Mint","English","","","2023-12-27 05:52:31.840000","13","False","False",""
"2","2","The Hunter Maze","one","Near Mint","English","","","2024-01-11 08:39:42.173000","253","False","False",""
"1","1","The Modern Age // Vector Glider","neo","Near Mint","English","","","2024-01-11 08:31:06.947000","66","False","False",""
"1","1","The Modern Age // Vector Glider","neo","Near Mint","English","foil","","2024-01-11 08:30:57.493000","66","False","False",""
"1","1","The Monumental Facade","one","Near Mint","English","","","2023-12-27 07:04:07.993000","255","False","False",""
"2","2","The Prismatic Piper","cmm","Near Mint","English","","","2024-01-11 08:59:29.007000","1","False","False",""
"1","1","The Restoration of Eiganjo // Architect of Restoration","neo","Near Mint","English","","","2024-01-11 08:52:14.580000","34","False","False",""
"1","1","The Shattered States Era // Nameless Conqueror","neo","Near Mint","English","foil","","2024-01-11 09:08:03.813000","162","False","False",""
"3","3","The Surgical Bay","one","Near Mint","English","","","2024-01-11 08:31:36.873000","260","False","False",""
"1","1","The Surgical Bay","one","Near Mint","English","foil","","2024-01-11 08:31:27.970000","260","False","False",""
"1","1","Theater of Horrors","scd","Near Mint","English","","","2023-12-27 05:13:11.847000","250","False","False",""
"1","1","Thermo-Alchemist","scd","Near Mint","English","","","2023-12-27 05:13:11.847000","162","False","False",""
"1","1","Thirst for Knowledge","cmr","Near Mint","English","","","2024-01-11 08:25:56.927000","103","False","False",""
"2","2","Thirsting Roots","one","Near Mint","English","","","2024-01-11 09:15:41.477000","185","False","False",""
"1","1","Thirsting Roots","one","Near Mint","English","foil","","2023-12-27 06:40:21.207000","185","False","False",""
"1","1","Thopter Architect","bro","Near Mint","English","","","2024-01-11 08:47:48.900000","29","False","False",""
"1","1","Thought Harvester","ogw","Near Mint","English","","","2024-01-14 06:10:54.940000","48","False","False",""
"1","1","Thought Vessel","cmm","Near Mint","English","","","2024-01-10 21:41:01.887000","414","False","False",""
"1","1","Thraben Standard Bearer","emn","Near Mint","English","","","2024-01-11 07:31:23.043000","48","False","False",""
"1","1","Thran Dynamo","cmm","Near Mint","English","","","2024-01-10 21:41:01.887000","415","False","False",""
"1","1","Thrill of Possibility","dmu","Near Mint","English","","","2023-12-28 01:07:48.090000","148","False","False",""
"3","3","Thrill of Possibility","one","Near Mint","English","","","2024-01-11 07:25:48.080000","151","False","False",""
"1","1","Thriving Bluff","ncc","Near Mint","English","","","2024-01-11 08:47:28.713000","438","False","False",""
"3","3","Thriving Moor","j22","Near Mint","English","","","2024-01-11 08:47:05.067000","826","False","False",""
"3","3","Thrummingbird","one","Near Mint","English","","","2024-01-11 08:20:39.243000","72","False","False",""
"3","3","Thrummingbird","one","Near Mint","English","","","2024-01-11 08:22:45.240000","288","False","False",""
"1","1","Thrummingbird","one","Near Mint","English","foil","","2023-12-27 05:24:49.407000","288","False","False",""
"1","1","Titan Hunter","scd","Near Mint","English","","","2023-12-27 05:13:11.847000","112","False","False",""
"2","2","Titanic Growth","one","Near Mint","English","","","2024-01-11 09:13:33.037000","187","False","False",""
"1","1","Titan's Presence","cmm","Near Mint","English","","","2024-01-10 21:41:01.887000","810","False","False",""
"1","1","Tomakul Scrapsmith","bro","Near Mint","English","foil","","2024-01-11 08:52:03.383000","153","False","False",""
"1","1","Tomb of the Spirit Dragon","cmm","Near Mint","English","","","2024-01-10 21:41:01.887000","1048","False","False",""
"1","1","Torch the Tower","woe","Near Mint","English","","","2023-12-28 01:11:12.727000","153","False","False",""
"1","1","Tough Cookie","woe","Near Mint","English","foil","","2023-12-28 01:08:38.130000","193","False","False",""
"1","1","Tourach's Canticle","mh2","Near Mint","English","","","2024-01-11 08:45:10.457000","103","False","False",""
"1","1","Transmogrifying Wand","cmm","Near Mint","English","","","2024-01-10 21:41:01.887000","981","False","False",""
"1","1","Transplant Theorist","one","Near Mint","English","","","2023-12-27 06:45:50.733000","73","False","False",""
"2","2","Trawler Drake","one","Near Mint","English","","","2024-01-11 08:19:06.097000","74","False","False",""
"2","2","Trove Tracker","cmr","Near Mint","English","","","2024-01-11 08:25:14.577000","104","False","False",""
"1","1","Trusty Packbeast","cmr","Near Mint","English","","","2024-01-11 08:47:36.180000","53","False","False",""
"1","1","Twinshot Sniper","neo","Near Mint","English","","","2024-01-11 07:09:10.817000","168","False","False",""
"1","1","Tyrite Sanctum","cmm","Near Mint","English","","","2024-01-10 21:41:01.887000","1049","False","False",""
"3","3","Tyrranax Atrocity","one","Near Mint","English","","","2024-01-11 07:19:05.730000","188","False","False",""
"1","1","Tyvar's Stand","one","Near Mint","English","","","2023-12-27 05:29:10.593000","190","False","False",""
"1","1","Ugin, the Ineffable","cmm","Near Mint","English","","","2024-01-10 21:41:01.887000","811","False","False",""
"1","1","Ugin's Mastery","cmm","Near Mint","English","","","2024-01-10 21:41:01.887000","718","False","False",""
"1","1","Ulamog's Despoiler","bfz","Near Mint","English","","","2024-01-14 06:10:35.410000","16","False","False",""
"3","3","Unctus's Retrofitter","one","Near Mint","English","","","2024-01-11 08:18:29.873000","76","False","False",""
"1","1","Undying Malice","vow","Near Mint","English","","","2023-12-28 00:54:45.010000","134","False","False",""
"1","1","Undying Rage","cmr","Near Mint","English","","","2024-01-11 09:07:36.847000","205","False","False",""
"1","1","Universal Solvent","cmr","Near Mint","English","","","2024-01-11 09:01:36.320000","347","False","False",""
"1","1","Unlicensed Disintegration","scd","Near Mint","English","","","2023-12-27 05:13:11.847000","255","False","False",""
"1","1","Unnatural Restoration","one","Near Mint","English","","","2023-12-27 05:23:08.797000","191","False","False",""
"1","1","Unnatural Restoration","one","Near Mint","English","foil","","2024-01-11 09:14:50.597000","191","False","False",""
"1","1","Unstable Obelisk","cmm","Near Mint","English","","","2024-01-10 21:41:01.887000","416","False","False",""
"2","2","Urabrask's Anointer","one","Near Mint","English","","","2024-01-11 07:07:00.880000","152","False","False",""
"4","4","Urabrask's Anointer","one","Near Mint","English","","","2024-01-11 07:06:50.393000","293","False","False",""
"1","1","Urabrask's Forge","one","Near Mint","English","","","2023-12-27 06:54:27.313000","153","False","False",""
"1","1","Urabrask's Forge","one","Near Mint","English","foil","","2023-12-27 05:15:41.087000","153","False","False",""
"1","1","Urborg Volcano","scd","Near Mint","English","","","2023-12-27 05:13:11.847000","331","False","False",""
"1","1","Urza's Mine","cmm","Near Mint","English","","","2024-01-10 21:41:01.887000","1051","False","False",""
"1","1","Urza's Power Plant","cmm","Near Mint","English","","","2024-01-10 21:41:01.887000","1052","False","False",""
"1","1","Urza's Tower","cmm","Near Mint","English","","","2024-01-10 21:41:01.887000","1053","False","False",""
"1","1","Valakut Invoker","cmr","Near Mint","English","","","2024-01-11 07:02:53.493000","206","False","False",""
"1","1","Vampire Nighthawk","scd","Near Mint","English","","","2023-12-27 05:13:11.847000","115","False","False",""
"1","1","Vanish into Eternity","one","Near Mint","English","","","2023-12-27 07:05:06.407000","36","False","False",""
"3","3","Vat Emergence","one","Near Mint","English","","","2024-01-11 08:44:07.290000","112","False","False",""
"3","3","Vat of Rebirth","one","Near Mint","English","","","2024-01-11 08:45:25.557000","113","False","False",""
"1","1","Vat of Rebirth","one","Near Mint","English","foil","","2023-12-27 06:09:42.047000","113","False","False",""
"2","2","Veil of Assimilation","one","Near Mint","English","","","2024-01-11 07:44:31.073000","37","False","False",""
"2","2","Venerated Rotpriest","one","Near Mint","English","","","2023-12-28 01:04:18.600000","192","False","False",""
"3","3","Venomous Brutalizer","one","Near Mint","English","","","2024-01-11 07:18:45.177000","193","False","False",""
"1","1","Viashino Lashclaw","mh2","Near Mint","English","","","2024-01-11 08:51:54.200000","146","False","False",""
"1","1","Vindictive Flamestoker","one","Near Mint","English","foil","","2023-12-27 06:06:39.210000","154","False","False",""
"3","3","Viral Spawning","one","Near Mint","English","","","2024-01-11 09:15:26.817000","194","False","False",""
"2","2","Viscera Seer","cmr","Near Mint","English","","","2024-01-11 08:13:29.793000","158","False","False",""
"2","2","Vivisection Evangelist","one","Near Mint","English","","","2023-12-27 05:41:03.657000","220","False","False",""
"1","1","Vivisurgeon's Insight","one","Near Mint","English","","","2023-12-27 06:04:38.670000","77","False","False",""
"1","1","Void Attendant","bfz","Near Mint","English","","","2024-01-14 06:05:14.817000","169","False","False",""
"1","1","Voidwing Hybrid","one","Near Mint","English","","","2023-12-27 06:52:45.133000","221","False","False",""
"3","3","Volt Charge","one","Near Mint","English","","","2024-01-11 07:26:03.763000","155","False","False",""
"1","1","Voracious Fell Beast","ltr","Near Mint","English","","","2023-12-28 00:56:04.453000","113","False","False",""
"1","1","Vow of Flight","cmr","Near Mint","English","","","2024-01-11 08:29:52.887000","105","False","False",""
"1","1","Vraan, Executioner Thane","one","Near Mint","English","","","2023-12-27 05:35:54.267000","114","False","False",""
"2","2","Vraska's Fall","one","Near Mint","English","","","2024-01-11 08:42:36.223000","116","False","False",""
"2","2","Vulshok Splitter","one","Near Mint","English","","","2024-01-11 08:51:33.847000","156","False","False",""
"1","1","Wanderlight Spirit","vow","Near Mint","English","foil","","2023-12-28 00:54:00.443000","86","False","False",""
"1","1","War Room","cmm","Near Mint","English","","","2024-01-10 21:41:01.887000","1054","False","False",""
"1","1","Warping Wail","cmm","Near Mint","English","","","2024-01-10 21:41:01.887000","812","False","False",""
"7","7","Wastes","cmm","Near Mint","English","","","2024-01-10 21:41:01.887000","1056","False","False",""
"8","8","Wastes","cmm","Near Mint","English","","","2024-01-10 21:41:01.887000","1055","False","False",""
"2","2","Watchful Blisterzoa","one","Near Mint","English","","","2024-01-11 08:20:02.750000","78","False","False",""
"1","1","Wayfarer's Bauble","scd","Near Mint","English","","","2023-12-27 05:13:11.847000","287","False","False",""
"1","1","Weakstone's Subjugation","bro","Near Mint","English","foil","","2024-01-11 08:30:47.417000","72","False","False",""
"1","1","Welding Sparks","cmr","Near Mint","English","","","2024-01-11 07:28:39.237000","210","False","False",""
"1","1","Welding Sparks","cmr","Near Mint","English","foil","","2024-01-11 07:28:47.867000","210","False","False",""
"2","2","Whisper of the Dross","one","Near Mint","English","","","2023-12-27 06:57:02.563000","117","False","False",""
"1","1","White Sun's Twilight","one","Near Mint","English","","","2023-12-27 06:19:35.807000","38","False","False",""
"1","1","Wild Celebrants","cmr","Near Mint","English","","","2024-01-11 07:03:36.807000","212","False","False",""
"1","1","Wild Ricochet","scd","Near Mint","English","","","2023-12-27 05:13:11.847000","169","False","False",""
"1","1","Wildfire Devils","scd","Near Mint","English","","","2023-12-27 05:13:11.847000","170","False","False",""
"1","1","Wildsize","cmr","Near Mint","English","","","2024-01-11 09:12:30.577000","264","False","False",""
"1","1","Wildsize","cmr","Near Mint","English","foil","","2024-01-11 09:13:22.203000","264","False","False",""
"1","1","Witchstalker Frenzy","woe","Near Mint","English","","","2023-12-28 01:11:23.417000","159","False","False",""
"1","1","World-Weary","mh2","Near Mint","English","","","2024-01-11 08:46:03.897000","109","False","False",""
"2","2","World-Weary","mh2","Near Mint","English","","","2024-01-11 08:46:21.123000","348","False","False",""
"1","1","Worn Powerstone","cmm","Near Mint","English","","","2024-01-10 21:41:01.887000","984","False","False",""
"1","1","Worn Powerstone","scd","Near Mint","English","","","2023-12-27 05:13:11.847000","288","False","False",""
"1","1","Yavimaya Elder","mic","Near Mint","English","","","2024-01-11 07:12:53.307000","147","False","False",""
"2","2","You're Ambushed on the Road","afr","Near Mint","English","","","2024-01-11 08:52:39.087000","43","False","False",""
"3","3","Zealot's Conviction","one","Near Mint","English","","","2024-01-11 07:45:53.737000","39","False","False",""
"1","1","Zenith Chronicler","one","Near Mint","English","","","2023-12-27 05:40:09.177000","246","False","False",""
"1","1","Zhulodok, Void Gorger","cmm","Near Mint","English","foil","","2024-01-10 21:41:01.887000","704","False","False",""
